4062 5056
545 347 623 438 ²3⁶
1071 437 1077 444 .
1118 333 1290 416 Aruns
1325 341 1416 424 088.
1463 379 1472 390 ·
1613 437 1618 444 Ι

543 525 700 596 vorum
730 502 842 592 acies
872 499 979 615 justo
1000 483 1164 618 partitae
1186 501 1333 590 ordine
1358 495 1649 608 consisterent,
1684 490 1771 606 jam
1796 495 1850 591 se
1875 501 1978 596 velat

458 647 467 664 '
543 643 712 734 turbiue
731 642 1034 755 circumdatae,
1069 641 1113 732 dt
1132 669 1156 727 a
1178 637 1398 752 Mllibogii
1418 635 1661 766 cohortibus
1688 633 1877 759 impeti,
1897 671 1974 761 pra

323 784 688 899 mauman-mique
711 783 1062 872 animadvertere.
1133 777 1179 869 N
1180 807 1230 868 ec
1252 779 1499 868 desideravit
1518 779 1682 864 strenue
1705 804 1843 889 agens
1868 781 1971 874 Prin

315 900 388 964 ''⁹¹'‘
415 965 420 980 1
543 951 645 1040 ceps
667 921 824 1010 Chrudi
843 946 1041 1038 operam,
1067 945 1190 1036 qnam
1207 947 1293 1008 non
1313 919 1446 1008 modo
1462 915 1647 1006 celerem
1667 911 1742 1008 led
1764 921 1812 1012 aa
1831 953 1974 1042 perop

535 1081 762 1180 portunam
786 1061 970 1176 reperit,
1006 1058 1112 1148 adeo
1143 1079 1191 1148 ut
1222 1059 1389 1148 hostiles
1422 1059 1554 1173 copiae
1585 1055 1752 1170 penitus
1782 1061 1972 1155 deleren·

538 1179 635 1315 tur,
671 1197 1010 1316 Mllibogiusque
1031 1201 1142 1290 inter
1163 1198 1372 1288 triduanas
1401 1197 1674 1311 triumphales
1708 1201 1971 1294 acclamatio

537 1367 616 1434 nes
638 1367 803 1430 arenam
826 1357 1032 1428 tueretur.
1128 1327 1561 1426 Alter'Moravorum
1582 1339 1810 1451 exercitus,
1848 1345 1965 1430 nulla
1996 1453 1997 1456 p

541 1477 829 1568 certa'nuncia
855 1473 979 1566 aluis
997 1477 1151 1566 habens
1173 1475 1537 1592 exploratoribus,
1573 1503 1654 1566 nec
1677 1495 1852 1593 acceptae
1874 1505 1964 1592 gra·

540 1614 712 1710 villimae
735 1615 861 1706 cladis
886 1639 1037 1730 gnarus
1059 1615 1302 1706 Rudovium
1332 1635 1552 1732 properat,
1588 1643 1636 1704 ac
1661 1646 1749 1708 non
1770 1619 1899 1734 longe
1919 1621 1966 1708 ab

542 1785 597 1850 eo
623 1757 721 1848 loco
750 1759 872 1847 cnllra
907 1775 1117 1871 metatur,
1154 1773 1268 1844 ratus
1294 1751 1388 1844 luos
1413 1755 1528 1844 isthic
1552 1753 1711 1846 infestis
1737 1769 1966 1850 contraho

480 1969 505 1982 ,-
540 1901 643 1988 llem
665 1899 787 2010 signis
808 1897 1040 1988 consistere.
1148 1892 1280 1994 Quod
1302 1915 1350 1984 ut
1375 1916 1619 2010 temporum
1641 1923 1869 2018 rerumque
1900 1902 1963 1990 cir·

541 2035 802 2152 cumspedlus
821 2035 1010 2124 Chrudus
1030 2033 1262 2148 speculatus
1284 2035 1367 2149 est,
1404 2035 1520 2125 illico
1546 2031 1643 2126 suos
1669 2037 1722 2124 ad
1747 2065 1865 2128 norae
1884 2039 1960 2126 vic·

539 2175 662 2266 toric
695 2175 968 2290 cupiditatem
1006 2173 1258 2284 inflammat,
1296 2193 1421 2290 atque
1452 2202 1507 2264 eo
1538 2199 1671 2294 usque
1693 2175 1956 2292 progreditur,

543 2317 644 2412 dum
673 2317 831 2404 hostem
849 2313 1089 2406 universum
1122 2317 1167 2404 in
1199 2313 1424 2430 conspediu
1459 2313 1623 2440 lrabeat.
1731 2315 1833 2405 Alia
1851 2334 1977 2432 parte·

397 2461 403 2468 '
446 2559 452 2566 ,
541 2451 796 2570 Mstibogius
815 2483 913 2546 cum
938 2455 1093 2545 ceteris
1116 2455 1251 2544 turbis
1271 2452 1314 2544 se
1339 2451 1382 2544 le
1418 2479 1442 2546 e
1474 2473 1622 2546 monte
1645 2450 1803 2569 Slcalylr
1824 2457 1959 2546 demit·

540 2617 638 2690 tens
670 2624 745 2713 per
779 2597 896 2686 salvas
932 2593 1241 2712 imprellione‘m
1270 2591 1386 2685 facit.
1495 2593 1755 2712 Canentibus
1785 2597 1860 2707 ianr
1885 2621 1954 2708 per

436 2753 438 2766 '
543 2762 693 2858 omnes
720 2732 1120 2825 Curimenses‘acies
1140 2731 1308 2824 clall'rcis
1333 2737 1408 2824 llat
1435 2733 1682 2848 stupefactus
1704 2735 1881 2852 nihilque
1903 2755 1959 2826 ta·

542 2875 585 2969 le
617 2871 882 2990 prospedtans
915 2875 1054 2965 animo
1078 2871 1310 2988 Moravus,
1347 2903 1394 2964 ac
1425 2873 1595 2964 tandem
1632 2871 1728 2966 fero
1756 2873 1881 2968 senlit
1904 2885 1965 2968 ho

548 3016 654 3103 stem
676 3010 836 3128 adelle,
873 3013 1032 3130 labique
1053 3012 1125 3103 leu
1145 3015 1324 3106 dandum
1344 3011 1416 3105 seu
1434 3015 1703 3104 hauriendum
1723 3013 1964 3130 sangninem.

325 3169 447 3251 nursam
463 3189 510 3266 uf
551 3151 657 3252 Inde
676 3155 829 3266 strages
848 3155 1024 3270 verius,
1063 3183 1187 3272 quam
1222 3182 1357 3272 pugna
1392 3153 1505 3266 fuit,
1539 3171 1718 3268 urgente
1751 3157 1970 3272 praelertim

324 3255 438 3322 ‘'m'‘
550 3315 669 3407 terga
690 3296 865 3384 hostium
885 3296 970 3410 jam
993 3296 1109 3386 vinci
1131 3294 1317 3384 facilium
1341 3295 1533 3408 Chmdo‚
1570 3295 1614 3383 dr
1646 3297 1819 3388 novitio
1847 3300 1969 3390 milite

549 3435 772 3548 pugnantis
794 3463 816 3520 a
839 3431 982 3525 fronte
1002 3436 1191 3524 veterani
1208 3433 1353 3546 justam
1376 3436 1476 3525 iram
1502 3434 1736 3525 aemulante.
1825 3435 1973 3554 Magna

552 3578 634 3660 hoc
659 3572 890 3662 certamine
916 3575 1034 3661 allata
1059 3573 1199 3662 clades
1222 3570 1446 3696 Moravis,
1473 3559 1530 3659 (d)
1583 3571 1825 3694 duplicique
1852 3577 1978 3678 Bone

551 3734 719 3800 morum
750 3709 928 3802 victoria
958 3697 1244 3804 locus‘fadtus
1281 3713 1582 3806 memorabilis.
1678 3713 1806 3807 ‘Nam
1846 3721 1979 3813 vidior

550 3847 804 3966 Mliibogius
840 3851 955 3948 isthic
987 3853 1037 3943 ad
1068 3871 1303 3968 torrentem
1335 3855 1479 3946 villam
1514 3851 1732 3968 Boganow
1759 3843 1806 3943 (t)
1846 3857 1985 3972 felicis

547 3992 767 4114 utriusque
790 4021 940 4112 pugnae
958 4012 1283 4090 monumentum
1307 3995 1481 4112 egregio
1502 4021 1633 4112 opere
1664 3997 1916 4121 coniunxit.

1661 4231 1667 4240 ’
1803 4227 1923 4368 ΑΝ-
