4094 5040
520 275 523 281 Ι
657 295 946 376 Wltu't'lscnl
972 324 1011 376 2
1461 328 1560 406 505

20 463 330 558 detulisset.
359 454 423 556 (ι)
492 451 887 550 AdeaHenricus:
891 523 965 576 ,,
985 453 1091 549 Vidi
1111 485 1221 575 ego,
1255 464 1374 578 quod
1391 461 1537 560 fortas-
1665 561 1670 566 ,

55 673 138 748 „
155 601 199 694 se
229 601 394 695 vobis
382 599 537 688 intueri
569 617 766 712 negatum
800 615 918 710 erat,
963 593 1126 710 uidi,
1115 595 1532 716 unqunnr,sronte1u

106 737 407 860 „Wencessai
430 737 663 828 Comitium
693 735 970 852 ingredientis
1007 763 1129 826 aurea
1155 749 1278 856 cruce
1304 737 1533 858 coruscam,

16 961 19 974 ,
102 947 138 996 „
106 811 299 972 ”'duos
289 901 394 972 rtem
427 878 623 994 utrinque
647 877 819 989 angelos
845 875 954 967 latus
982 873 1072 988 ejus
1091 849 1311 994 stipantes,
1347 877 1755 998 dumquesnpappm

15 989 18 1138 ,¹
87 1088 137 1138 -„
157 1021 228 1110 ille
250 1021 511 1132 consisteret,
550 1014 826 1108 animadverti
851 1021 928 1102 bos
952 1016 1143 1138 coelestes
1162 1019 1345 1108 comites
1366 1015 1531 1115 sublato
1535 983 1681 1048 'mm'
1680 988 1755 1054 “¹⁸''

15 1149 17 1182 i
77 1167 140 1274 3„
155 1161 289 1274 digito
310 1159 413 1250 mihi
429 1157 706 1248 cominantes.
734 1143 791 1238 (θ)
879 1149 1038 1244 Sacro
1026 1174 1168 1272 ltaque
1185 1159 1366 1272 quodam
1387 1164 1531 1250 horto·
1657 1271 1663 1280 .
1788 1197 1794 1204 ·

99 1367 136 1414 .„
154 1326 199 1390 re
223 1300 426 1390 attonitus
447 1324 532 1386 non
555 1295 675 1412 potui
695 1319 781 1398 non
802 1290 866 1378 illi
884 1293 1038 1406 primas
1059 1290 1180 1386 sedes
1199 1293 1396 1410 deleme,
1429 1325 1527 1390 cum

99 1503 136 1553 .,‚
141 1425 368 1528 hominem
393 1413 679 1524 sanstislrmum
701 1449 773 1520 tot
786 1430 1015 1544 proderent
1041 1433 1209 1525 indicia.
1195 1501 1260 1550 .„
1285 1423 1332 1522 (¹)
1417 1431 1530 1528 Εο-

107 1577 203 1664 dem
240 1576 309 1664 die
340 1570 471 1662 Caesar
505 1569 815 1660 Weneeslaum
846 1569 898 1658 ad
926 1568 1110 1692 mensam
1157 1591 1356 1662 vocaturn
1387 1575 1528 1666 denuo

105 1709 178 1804 suo
210 1705 486 1828 supremoque
520 1699 617 1800 loco
648 1707 897 1800 accumbere
921 1705 1073 1825 juflit,
1125 1709 1176 1834 ὃς
1211 1737 1306 1802 curn
1349 1715 1529 1836 remotis

20 1911 31 1926 ⁴
100 1852 254 1942 mensas
275 1849 425 1966 hospiti
447 1846 691 1964 Imperiales
709 1844 920 1938 thesauros
949 1821 1186 1940 ostendisset
1198 1852 1417 1964 ,rogavit
1448 1854 1527 1942 iur

102 1973 252 2107 pense,
289 1989 455 2080 vellet
444 2017 487 2076 ιιι
506 2016 617 2080 verae
638 1987 833 2076 amicitia
852 1983 1070 2076 thesseram
1094 1988 1147 2078 de
1167 1989 1282 2104 regia
1303 2017 1404 2102 gaza
1431 2017 1527 2106 pro-

92 2157 245 2242 mere,
282 2125 481 2245 quidquid
500 2129 638 2218 nniuro
659 2121 922 2216 collibuisset.
1011 2127 1120 2218 Cum
1143 2147 1285 2220 autem
1308 2128 1526 2222 contineo

26 2315 29 2322 .
93 2266 276 2372 ,tiffimus
293 2263 491 2378 Princeps
508 2292 588 2353 nec
612 2261 1054 2378 aunse,necargent1,
1072 2293 1414 2383 gemmarumque
1434 2294 1526 2382 pre‘

12 2493 15 2503 .
101 2407 165 2497 tio
195 2425 323 2520 egere
353 2398 543 2515 dixisset,
578 2401 750 2492 instabat
783 2401 979 2516 precibus
1010 2401 1169 2516 Caesar,
1218 2423 1267 2494 ut
1300 2401 1446 2493 saltem
1479 2405 1523 2494 in

100 2546 316 2634 memoriae
339 2543 487 2660 pignus
508 2540 731 2658 quidquam
751 2535 948 2630 sumeret.
1028 2541 1294 2632 circumlatis
1310 2539 1584 2632 Wences·
1667 2523 1674 2530 ’

101 2685 189 2772 laus
223 2683 356 2790 oculis
386 2699 556 2774 caeterns
588 2679 700 2770 inter
729 2705 832 2795 opes
871 2677 1085 2770 brachium
1117 2679 1162 2772 S.
1192 2675 1290 2772 Viti
1320 2677 1642 2772 clariffinrireau
1644 2707 1741 2770 actu

99 2815 309 2944 Martyris
344 2839 520 2936 argento
551 2821 743 2910 indutum
774 2815 1019 2934 conspexit,
1058 2847 1114 2909 eo
1148 2818 1192 2912 se
1229 2821 1373 2910 donari
1391 2818 1524 2912 efflic
1533 2791 1656 2862 Μ’

88 2949 423 3084 suppettusu)
529 2957 685 3078 Neque
716 2956 928 3048 Henricus
957 2959 1002 3048 iu
1021 2987 1137 3050 mora
1161 2959 1267 3074 suit,
1303 2962 1523 3080 statimque

99 3081 304 3188 sublatum
342 3096 602 3188 deosculatus
647 3125 791 3211 magna
826 3124 922 3220 cum
955 3099 1229 3190 veneratione
1255 3095 1524 3192 We'nceslao
1544 3083 1577 3108 '⁸

10 3219 16 3250 ²
97 3238 319 3353 porrexit,
356 3241 400 3328 du
432 3237 506 3327 ille
535 3263 621 3328 non
650 3239 815 3327 minore
851 3239 1090 3328 reverentia
1123 3235 1358 3354 susceptum
1390 3239 1524 3332 tertio

98 3376 184 3492 die,
204 3379 296 3467 vale
313 3375 429 3468 dieto
445 3373 593 3468 Caesari
610 3396 736 3494 atque
754 3371 1033 3492 Principibus,
1049 3377 1091 3466 in
1109 3373 1353 3467 Bohemiam
1375 3371 1524 3493 depos

83 3517 220 3621 ,tavit
250 3507 299 3600 (Ι)
367 3511 537 3630 Pragam
561 3545 689 3630 porro
703 3537 752 3606 ut
768 3515 926 3628 rediit,
959 3517 1164 3606 contInuo
1180 3513 1522 3631 religiosissimum

46 3747 53 3758 ,
94 3674 225 3770 atque
255 3651 571 3767 augustislimum
602 3643 741 3744 eidem
761 3649 898 3744 sanslo
918 3645 1123 3770 ternplum
1145 3683 1243 3746 curu
1264 3651 1430 3746 sublimi
1452 3683 1521 3750 ce·
1539 3687 1636 3752 ona,
1650 3689 1758 3779 emptu

11 3793 12 3796 ‘
78 3793 297 3920 'notnpbio
316 3795 499 3884 condere
533 3789 769 3905 orsus,)
700 3781 813 3881 (ιι)
803 3821 848 3880 ιιι
881 3819 938 3880 eo
969 3793 1238 3909 uenerabile,
1258 3795 1387 3912 quod
1416 3795 1589 3891 dixi·
1535 3771 1616 3838 ”m
1632 3777 1710 3842 Μ’

93 3957 209 4049 mus,
229 3933 440 4035 breellum
463 3929 668 4048 deposuit,
678 3951 986 4048 evocatumque
1008 3961 1083 4048 per
1105 3935 1268 4048 legatos
1293 3931 1523 4050 Wolsgan·
1642 3972 1646 3981 ·

95 4068 561 4183 gomRatisbonensenr
583 4066 833 4164 Antillitem
847 4137 863 4184 ‚.
895 4089 944 4161 ut
976 4097 1071 4162 eam
1094 4074 1226 4165 edem
1249 4067 1363 4192 Deo,
1385 4070 1522 4168 Divo·

145 4233 240 4306 Pon
254 4229 317 4306 Ill
335 4229 480 4310 Αιιιιι.
496 4235 638 4318 Hsnrc.
814 4209 920 4300 Sss
1362 4238 1445 4332 que
1477 4281 1483 4294 .
