<?xml version="1.0" encoding="UTF-8"?>
<!DOCTYPE html PUBLIC "-//W3C//DTD XHTML 1.0 Transitional//EN"
    "http://www.w3.org/TR/xhtml1/DTD/xhtml1-transitional.dtd">
<html xmlns="http://www.w3.org/1999/xhtml" xml:lang="en" lang="en">
 <head>
  <title>
</title>
<meta http-equiv="Content-Type" content="text/html;charset=utf-8" />
  <meta name='ocr-system' content='tesseract 3.04.00' />
  <meta name='ocr-capabilities' content='ocr_page ocr_carea ocr_par ocr_line ocrx_word'/>
</head>
<body>
  <div class='ocr_page' id='page_1' title='image "./wenceslaihageka00libogoog_0108.png"; bbox 0 0 3896 5046; ppageno 0'>
   <div class='ocr_carea' id='block_1_1' title="bbox 516 322 1399 423">
    <p class='ocr_par' dir='ltr' id='par_1_1' title="bbox 516 322 1399 423">
     <span class='ocr_line' id='line_1_1' title="bbox 516 322 1399 423; baseline 0 -21"><span class='ocrx_word' id='word_1_1' title='bbox 516 328 576 423; x_wconf 69' lang='lat'>76</span> <span class='ocrx_word' id='word_1_2' title='bbox 705 357 709 368; x_wconf 63' lang='lat'><strong><em>¹</em></strong></span> <span class='ocrx_word' id='word_1_3' title='bbox 1114 322 1285 402; x_wconf 74' lang='lat' dir='ltr'>Annus</span> <span class='ocrx_word' id='word_1_4' title='bbox 1312 325 1399 421; x_wconf 63' lang='lat'>861.</span> 
     </span>
    </p>
   </div>
   <div class='ocr_carea' id='block_1_2' title="bbox 501 467 1940 1084">
    <p class='ocr_par' dir='ltr' id='par_1_2' title="bbox 501 467 1940 1084">
     <span class='ocr_line' id='line_1_2' title="bbox 514 467 1940 588; baseline -0.001 -36"><span class='ocrx_word' id='word_1_5' title='bbox 514 468 625 552; x_wconf 69' lang='lat' dir='ltr'>emit</span> <span class='ocrx_word' id='word_1_6' title='bbox 640 473 887 554; x_wconf 65' lang='lat' dir='ltr'>meterentur?</span> <span class='ocrx_word' id='word_1_7' title='bbox 912 469 1014 552; x_wconf 76' lang='lat' dir='ltr'>satim</span> <span class='ocrx_word' id='word_1_8' title='bbox 1032 471 1146 588; x_wconf 79' lang='lat' dir='ltr'>igitur</span> <span class='ocrx_word' id='word_1_9' title='bbox 1164 470 1386 554; x_wconf 70' lang='lat' dir='ltr'>statuendum</span> <span class='ocrx_word' id='word_1_10' title='bbox 1414 470 1510 568; x_wconf 76' lang='lat' dir='ltr'>iuxta</span> <span class='ocrx_word' id='word_1_11' title='bbox 1530 467 1714 572; x_wconf 75' lang='lat' dir='ltr'>uniusque</span> <span class='ocrx_word' id='word_1_12' title='bbox 1732 467 1825 550; x_wconf 73' lang='lat' dir='ltr'>Vitae</span> <span class='ocrx_word' id='word_1_13' title='bbox 1841 473 1940 584; x_wconf 69' lang='lat' dir='ltr'>scrip</span> 
     </span>
     <span class='ocr_line' id='line_1_3' title="bbox 514 571 1937 682; baseline 0.007 -34"><span class='ocrx_word' id='word_1_14' title='bbox 514 572 608 652; x_wconf 85' lang='lat' dir='ltr'>roris</span> <span class='ocrx_word' id='word_1_15' title='bbox 638 571 759 652; x_wconf 79' lang='lat' dir='ltr'>affecta</span> <span class='ocrx_word' id='word_1_16' title='bbox 785 573 921 653; x_wconf 69' lang='lat' dir='ltr'>fundos</span> <span class='ocrx_word' id='word_1_17' title='bbox 949 577 1017 652; x_wconf 85' lang='lat' dir='ltr'>hos</span> <span class='ocrx_word' id='word_1_18' title='bbox 1043 601 1112 670; x_wconf 71' lang='lat' dir='ltr'>tarn</span> <span class='ocrx_word' id='word_1_19' title='bbox 1131 573 1243 652; x_wconf 80' lang='lat' dir='ltr'>tribur</span> <span class='ocrx_word' id='word_1_20' title='bbox 1259 572 1362 650; x_wconf 72' lang='lat' dir='ltr'>annis</span> <span class='ocrx_word' id='word_1_21' title='bbox 1373 571 1481 651; x_wconf 81' lang='lat' dir='ltr'>&#39;citius</span> <span class='ocrx_word' id='word_1_22' title='bbox 1501 597 1678 652; x_wconf 75' lang='lat' dir='ltr'>evocatos</span> <span class='ocrx_word' id='word_1_23' title='bbox 1692 598 1737 650; x_wconf 80' lang='lat' dir='ltr'>ex</span> <span class='ocrx_word' id='word_1_24' title='bbox 1753 576 1937 682; x_wconf 73' lang='lat' dir='ltr'>Bulgurirt</span> 
     </span>
     <span class='ocr_line' id='line_1_4' title="bbox 501 663 1938 779; baseline 0.003 -27"><span class='ocrx_word' id='word_1_25' title='bbox 501 663 698 760; x_wconf 60' lang='lat' dir='ltr'>,Mich&#39;aeie</span> <span class='ocrx_word' id='word_1_26' title='bbox 726 679 970 778; x_wconf 82' lang='lat' dir='ltr'>Imperatore,</span> <span class='ocrx_word' id='word_1_27' title='bbox 997 703 1077 753; x_wconf 89' lang='lat' dir='ltr'>cum</span> <span class='ocrx_word' id='word_1_28' title='bbox 1107 677 1133 754; x_wconf 87' lang='lat' dir='ltr'>is</span> <span class='ocrx_word' id='word_1_29' title='bbox 1158 673 1327 753; x_wconf 82' lang='lat' dir='ltr'>videlicet</span> <span class='ocrx_word' id='word_1_30' title='bbox 1349 671 1582 779; x_wconf 78' lang='lat' dir='ltr'>&#39;c&#39;omperiiiet</span> <span class='ocrx_word' id='word_1_31' title='bbox 1605 673 1674 773; x_wconf 84' lang='lat' dir='ltr'>jam</span> <span class='ocrx_word' id='word_1_32' title='bbox 1704 675 1855 758; x_wconf 77' lang='lat' dir='ltr'>mertem</span> <span class='ocrx_word' id='word_1_33' title='bbox 1879 705 1938 760; x_wconf 86' lang='lat' dir='ltr'>nor</span> 
     </span>
     <span class='ocr_line' id='line_1_5' title="bbox 516 769 1936 884; baseline 0.004 -32"><span class='ocrx_word' id='word_1_34' title='bbox 516 775 699 855; x_wconf 80' lang='lat' dir='ltr'>modicam</span> <span class='ocrx_word' id='word_1_35' title='bbox 716 775 907 880; x_wconf 79' lang='lat' dir='ltr'>Evangelii</span> <span class='ocrx_word' id='word_1_36' title='bbox 934 779 979 853; x_wconf 81' lang='lat' dir='ltr'>ab</span> <span class='ocrx_word' id='word_1_37' title='bbox 1008 775 1048 854; x_wconf 81' lang='lat' dir='ltr'>iis</span> <span class='ocrx_word' id='word_1_38' title='bbox 1067 775 1203 855; x_wconf 84' lang='lat' dir='ltr'>ibidem</span> <span class='ocrx_word' id='word_1_39' title='bbox 1224 775 1370 871; x_wconf 71' lang='lat' dir='ltr'>naum,</span> <span class='ocrx_word' id='word_1_40' title='bbox 1398 773 1512 882; x_wconf 90' lang='lat' dir='ltr'>ipsum</span> <span class='ocrx_word' id='word_1_41' title='bbox 1543 803 1587 854; x_wconf 88' lang='lat' dir='ltr'>ue</span> <span class='ocrx_word' id='word_1_42' title='bbox 1607 779 1660 852; x_wconf 87' lang='lat' dir='ltr'>Bo</span> <span class='ocrx_word' id='word_1_43' title='bbox 1690 769 1796 853; x_wconf 82' lang='lat' dir='ltr'>oreni</span> <span class='ocrx_word' id='word_1_44' title='bbox 1818 781 1936 884; x_wconf 79' lang='lat' dir='ltr'>pron&#39;d</span> 
     </span>
     <span class='ocr_line' id='line_1_6' title="bbox 513 803 1937 980; baseline 0.002 -24"><span class='ocrx_word' id='word_1_45' title='bbox 513 877 641 956; x_wconf 80' lang='lat' dir='ltr'>fimum</span> <span class='ocrx_word' id='word_1_46' title='bbox 666 875 738 958; x_wconf 80' lang='lat' dir='ltr'>effe</span> <span class='ocrx_word' id='word_1_47' title='bbox 766 875 1108 980; x_wconf 71' lang='lat' dir='ltr'>ccl-suscipiendum</span> <span class='ocrx_word' id='word_1_48' title='bbox 1138 875 1371 980; x_wconf 75' lang='lat' dir='ltr'>baptismum,</span> <span class='ocrx_word' id='word_1_49' title='bbox 1396 899 1435 953; x_wconf 89' lang='lat' dir='ltr'>ut</span> <span class='ocrx_word' id='word_1_50' title='bbox 1459 803 1642 956; x_wconf 72' lang='lat' dir='ltr'>auditam</span> <span class='ocrx_word' id='word_1_51' title='bbox 1708 903 1756 953; x_wconf 87' lang='lat' dir='ltr'>ux</span> <span class='ocrx_word' id='word_1_52' title='bbox 1780 881 1937 962; x_wconf 70' lang='lat' dir='ltr'>Moruni:</span> 
     </span>
     <span class='ocr_line' id='line_1_7' title="bbox 514 975 1932 1084; baseline 0 -26"><span class='ocrx_word' id='word_1_53' title='bbox 514 1000 586 1058; x_wconf 72' lang='lat' dir='ltr'>tam</span> <span class='ocrx_word' id='word_1_54' title='bbox 608 975 858 1058; x_wconf 80' lang='lat' dir='ltr'>excellentium</span> <span class='ocrx_word' id='word_1_55' title='bbox 875 975 1039 1058; x_wconf 82' lang='lat' dir='ltr'>virorum</span> <span class='ocrx_word' id='word_1_56' title='bbox 1061 1003 1174 1084; x_wconf 82' lang='lat' dir='ltr'>opem</span> <span class='ocrx_word' id='word_1_57' title='bbox 1190 977 1236 1055; x_wconf 77' lang='lat' dir='ltr'>nd</span> <span class='ocrx_word' id='word_1_58' title='bbox 1255 976 1408 1058; x_wconf 84' lang='lat' dir='ltr'>etndem</span> <span class='ocrx_word' id='word_1_59' title='bbox 1426 976 1571 1082; x_wconf 80' lang='lat' dir='ltr'>frugem</span> <span class='ocrx_word' id='word_1_60' title='bbox 1587 975 1859 1082; x_wconf 72' lang='lat' dir='ltr'>perdicerenu.</span> <span class='ocrx_word' id='word_1_61' title='bbox 1927 1019 1932 1031; x_wconf 57' lang='lat'><em>2</em></span> 
     </span>
    </p>
   </div>
   <div class='ocr_carea' id='block_1_3' title="bbox 515 1108 1934 1288">
    <p class='ocr_par' dir='ltr' id='par_1_3' title="bbox 515 1108 1934 1288">
     <span class='ocr_line' id='line_1_8' title="bbox 515 1108 1934 1288; baseline 0 -44"><span class='ocrx_word' id='word_1_62' title='bbox 515 1108 1934 1288; x_wconf 51' lang='lat' dir='ltr'>aa·-a-÷÷÷÷i÷÷÷÷·÷÷÷÷÷÷0÷†÷÷trebati-aean</span> 
     </span>
    </p>
   </div>
   <div class='ocr_carea' id='block_1_4' title="bbox 278 1361 1940 3428">
    <p class='ocr_par' dir='ltr' id='par_1_4' title="bbox 744 1361 1931 1606">
     <span class='ocr_line' id='line_1_9' title="bbox 744 1361 1931 1606; baseline 0.009 -36"><span class='ocrx_word' id='word_1_63' title='bbox 744 1482 941 1572; x_wconf 86' lang='lat' dir='ltr'>iastisiaus</span> <span class='ocrx_word' id='word_1_64' title='bbox 958 1503 1029 1574; x_wconf 91' lang='lat' dir='ltr'>tot</span> <span class='ocrx_word' id='word_1_65' title='bbox 1052 1513 1148 1575; x_wconf 90' lang='lat' dir='ltr'>cnm</span> <span class='ocrx_word' id='word_1_66' title='bbox 1174 1485 1395 1577; x_wconf 79' lang='lat' dir='ltr'>Gennanis</span> <span class='ocrx_word' id='word_1_67' title='bbox 1419 1361 1536 1606; x_wconf 77' lang='lat' dir='ltr'>init7is</span> <span class='ocrx_word' id='word_1_68' title='bbox 1557 1485 1816 1601; x_wconf 72' lang='lat' dir='ltr'>preliis-jam</span> <span class='ocrx_word' id='word_1_69' title='bbox 1836 1491 1931 1581; x_wconf 74' lang='lat' dir='ltr'>uun</span> 
     </span>
    </p>

    <p class='ocr_par' dir='ltr' id='par_1_5' title="bbox 517 1474 1931 1846">
     <span class='ocr_line' id='line_1_10' title="bbox 517 1474 1931 1846; baseline 0.008 -136"><span class='ocrx_word' id='word_1_70' title='bbox 517 1474 741 1846; x_wconf 81' lang='lat' dir='ltr'>W</span> <span class='ocrx_word' id='word_1_71' title='bbox 780 1623 895 1736; x_wconf 85' lang='lat' dir='ltr'>cior,</span> <span class='ocrx_word' id='word_1_72' title='bbox 931 1623 1164 1743; x_wconf 87' lang='lat' dir='ltr'>elatinrque</span> <span class='ocrx_word' id='word_1_73' title='bbox 1187 1627 1442 1746; x_wconf 80' lang='lat' dir='ltr'>irruptiones</span> <span class='ocrx_word' id='word_1_74' title='bbox 1478 1651 1629 1718; x_wconf 86' lang='lat' dir='ltr'>eorum</span> <span class='ocrx_word' id='word_1_75' title='bbox 1661 1645 1931 1746; x_wconf 71' lang='lat' dir='ltr'>contemnere,</span> 
     </span>
    </p>

    <p class='ocr_par' dir='ltr' id='par_1_6' title="bbox 780 1766 1931 1885">
     <span class='ocr_line' id='line_1_11' title="bbox 780 1766 1931 1885; baseline 0.01 -33"><span class='ocrx_word' id='word_1_76' title='bbox 780 1782 906 1882; x_wconf 89' lang='lat' dir='ltr'>atque</span> <span class='ocrx_word' id='word_1_77' title='bbox 943 1785 1139 1884; x_wconf 86' lang='lat' dir='ltr'>tanquam</span> <span class='ocrx_word' id='word_1_78' title='bbox 1165 1768 1372 1858; x_wconf 85' lang='lat' dir='ltr'>innocuos</span> <span class='ocrx_word' id='word_1_79' title='bbox 1392 1766 1632 1858; x_wconf 79' lang='lat' dir='ltr'>latrantium</span> <span class='ocrx_word' id='word_1_80' title='bbox 1656 1793 1809 1858; x_wconf 84' lang='lat' dir='ltr'>canum</span> <span class='ocrx_word' id='word_1_81' title='bbox 1832 1770 1931 1885; x_wconf 72' lang='lat' dir='ltr'>ejula</span> 
     </span>
    </p>

    <p class='ocr_par' dir='ltr' id='par_1_7' title="bbox 517 1901 1940 2304">
     <span class='ocr_line' id='line_1_12' title="bbox 518 1901 1930 2026; baseline 0.002 -28"><span class='ocrx_word' id='word_1_82' title='bbox 518 1925 586 1998; x_wconf 90' lang='lat' dir='ltr'>tus</span> <span class='ocrx_word' id='word_1_83' title='bbox 612 1901 828 2022; x_wconf 86' lang='lat' dir='ltr'>despicere</span> <span class='ocrx_word' id='word_1_84' title='bbox 853 1905 999 2024; x_wconf 72' lang='lat' dir='ltr'>erepit.</span> <span class='ocrx_word' id='word_1_85' title='bbox 1110 1903 1207 1997; x_wconf 91' lang='lat' dir='ltr'>Nec</span> <span class='ocrx_word' id='word_1_86' title='bbox 1230 1908 1344 1997; x_wconf 88' lang='lat' dir='ltr'>enim</span> <span class='ocrx_word' id='word_1_87' title='bbox 1366 1907 1553 2022; x_wconf 88' lang='lat' dir='ltr'>animos,</span> <span class='ocrx_word' id='word_1_88' title='bbox 1589 1931 1672 1996; x_wconf 89' lang='lat' dir='ltr'>nec</span> <span class='ocrx_word' id='word_1_89' title='bbox 1692 1907 1838 2026; x_wconf 79' lang='lat' dir='ltr'>vires,</span> <span class='ocrx_word' id='word_1_90' title='bbox 1871 1939 1930 2001; x_wconf 83' lang='lat' dir='ltr'>net</span> 
     </span>
     <span class='ocr_line' id='line_1_13' title="bbox 517 2043 1928 2164; baseline 0.004 -26"><span class='ocrx_word' id='word_1_91' title='bbox 517 2046 836 2138; x_wconf 85' lang='lat' dir='ltr'>multitudinem</span> <span class='ocrx_word' id='word_1_92' title='bbox 869 2045 921 2137; x_wconf 86' lang='lat' dir='ltr'>iis</span> <span class='ocrx_word' id='word_1_93' title='bbox 955 2043 1038 2138; x_wconf 84' lang='lat' dir='ltr'>eii‘e</span> <span class='ocrx_word' id='word_1_94' title='bbox 1069 2045 1333 2161; x_wconf 79' lang='lat' dir='ltr'>causabatur,</span> <span class='ocrx_word' id='word_1_95' title='bbox 1381 2047 1531 2164; x_wconf 89' lang='lat' dir='ltr'>quibus</span> <span class='ocrx_word' id='word_1_96' title='bbox 1562 2043 1705 2138; x_wconf 84' lang='lat' dir='ltr'>secum</span> <span class='ocrx_word' id='word_1_97' title='bbox 1735 2048 1784 2138; x_wconf 92' lang='lat' dir='ltr'>in</span> <span class='ocrx_word' id='word_1_98' title='bbox 1818 2053 1928 2144; x_wconf 78' lang='lat' dir='ltr'>aciem</span> 
     </span>
     <span class='ocr_line' id='line_1_14' title="bbox 519 2181 1940 2304; baseline 0.004 -31"><span class='ocrx_word' id='word_1_99' title='bbox 519 2185 718 2302; x_wconf 85' lang='lat' dir='ltr'>progredi</span> <span class='ocrx_word' id='word_1_100' title='bbox 752 2185 968 2280; x_wconf 84' lang='lat' dir='ltr'>auderent.</span> <span class='ocrx_word' id='word_1_101' title='bbox 1076 2181 1156 2277; x_wconf 90' lang='lat' dir='ltr'>Ab</span> <span class='ocrx_word' id='word_1_102' title='bbox 1185 2189 1249 2277; x_wconf 85' lang='lat' dir='ltr'>his</span> <span class='ocrx_word' id='word_1_103' title='bbox 1281 2189 1424 2304; x_wconf 87' lang='lat' dir='ltr'>itaque</span> <span class='ocrx_word' id='word_1_104' title='bbox 1450 2213 1622 2277; x_wconf 90' lang='lat' dir='ltr'>omnem</span> <span class='ocrx_word' id='word_1_105' title='bbox 1657 2188 1762 2278; x_wconf 86' lang='lat' dir='ltr'>beili</span> <span class='ocrx_word' id='word_1_106' title='bbox 1794 2191 1940 2284; x_wconf 88' lang='lat' dir='ltr'>vimiu</span> 
     </span>
    </p>

    <p class='ocr_par' dir='ltr' id='par_1_8' title="bbox 278 2321 1927 2728">
     <span class='ocr_line' id='line_1_15' title="bbox 289 2321 1927 2451; baseline 0.008 -39"><span class='ocrx_word' id='word_1_107' title='bbox 289 2337 409 2437; x_wconf 61' lang='lat' dir='ltr'>camisia</span> <span class='ocrx_word' id='word_1_108' title='bbox 418 2335 497 2401; x_wconf 77' lang='lat' dir='ltr'>Wu-</span> <span class='ocrx_word' id='word_1_109' title='bbox 519 2353 649 2414; x_wconf 87' lang='lat' dir='ltr'>unum</span> <span class='ocrx_word' id='word_1_110' title='bbox 673 2321 718 2416; x_wconf 90' lang='lat' dir='ltr'>N</span> <span class='ocrx_word' id='word_1_111' title='bbox 720 2324 913 2416; x_wconf 82' lang='lat' dir='ltr'>eklanum</span> <span class='ocrx_word' id='word_1_112' title='bbox 946 2325 1278 2420; x_wconf 86' lang='lat' dir='ltr'>transferendam</span> <span class='ocrx_word' id='word_1_113' title='bbox 1312 2347 1426 2418; x_wconf 86' lang='lat' dir='ltr'>ratus</span> <span class='ocrx_word' id='word_1_114' title='bbox 1459 2327 1631 2418; x_wconf 88' lang='lat' dir='ltr'>comitia</span> <span class='ocrx_word' id='word_1_115' title='bbox 1665 2329 1854 2424; x_wconf 80' lang='lat' dir='ltr'>universi</span> <span class='ocrx_word' id='word_1_116' title='bbox 1879 2361 1927 2451; x_wconf 82' lang='lat' dir='ltr'>pa</span> 
     </span>
     <span class='ocr_line' id='line_1_16' title="bbox 278 2419 1927 2590; baseline 0.005 -34"><span class='ocrx_word' id='word_1_117' title='bbox 278 2419 380 2506; x_wconf 48' lang='lat' dir='ltr'>M*</span> <span class='ocrx_word' id='word_1_118' title='bbox 519 2467 607 2586; x_wconf 86' lang='lat' dir='ltr'>puli</span> <span class='ocrx_word' id='word_1_119' title='bbox 629 2467 680 2558; x_wconf 80' lang='lat' dir='ltr'>ad</span> <span class='ocrx_word' id='word_1_120' title='bbox 704 2467 819 2558; x_wconf 87' lang='lat' dir='ltr'>diem</span> <span class='ocrx_word' id='word_1_121' title='bbox 844 2486 1012 2560; x_wconf 18' lang='lat' dir='ltr'>*certum</span> <span class='ocrx_word' id='word_1_122' title='bbox 1034 2469 1203 2562; x_wconf 74' lang='lat' dir='ltr'>indixit.</span> <span class='ocrx_word' id='word_1_123' title='bbox 1308 2455 1454 2560; x_wconf 83' lang='lat' dir='ltr'>Locus</span> <span class='ocrx_word' id='word_1_124' title='bbox 1476 2471 1584 2558; x_wconf 85' lang='lat' dir='ltr'>vasta</span> <span class='ocrx_word' id='word_1_125' title='bbox 1606 2496 1807 2582; x_wconf 85' lang='lat' dir='ltr'>agrorum</span> <span class='ocrx_word' id='word_1_126' title='bbox 1830 2472 1927 2590; x_wconf 83' lang='lat' dir='ltr'>pbri</span> 
     </span>
     <span class='ocr_line' id='line_1_17' title="bbox 516 2605 1925 2728; baseline 0.005 -30"><span class='ocrx_word' id='word_1_127' title='bbox 516 2609 601 2699; x_wconf 84' lang='lat' dir='ltr'>ties</span> <span class='ocrx_word' id='word_1_128' title='bbox 618 2606 726 2724; x_wconf 88' lang='lat' dir='ltr'>fuit,</span> <span class='ocrx_word' id='word_1_129' title='bbox 765 2607 832 2700; x_wconf 91' lang='lat' dir='ltr'>hic</span> <span class='ocrx_word' id='word_1_130' title='bbox 856 2635 916 2699; x_wconf 86' lang='lat' dir='ltr'>ex</span> <span class='ocrx_word' id='word_1_131' title='bbox 939 2609 1213 2719; x_wconf 72' lang='lat' dir='ltr'>eminentiori</span> <span class='ocrx_word' id='word_1_132' title='bbox 1237 2609 1420 2728; x_wconf 84' lang='lat' dir='ltr'>quodam</span> <span class='ocrx_word' id='word_1_133' title='bbox 1443 2605 1636 2698; x_wconf 82' lang='lat' dir='ltr'>subsellio</span> <span class='ocrx_word' id='word_1_134' title='bbox 1655 2611 1925 2728; x_wconf 74' lang='lat' dir='ltr'>orationem</span> 
     </span>
    </p>

    <p class='ocr_par' dir='ltr' id='par_1_9' title="bbox 516 2747 1940 2868">
     <span class='ocr_line' id='line_1_18' title="bbox 516 2747 1929 2866; baseline 0.006 -30"><span class='ocrx_word' id='word_1_135' title='bbox 516 2777 635 2846; x_wconf 85' lang='lat' dir='ltr'>mum</span> <span class='ocrx_word' id='word_1_136' title='bbox 667 2747 807 2838; x_wconf 86' lang='lat' dir='ltr'>fucata</span> <span class='ocrx_word' id='word_1_137' title='bbox 833 2748 1064 2866; x_wconf 87' lang='lat' dir='ltr'>multisque</span> <span class='ocrx_word' id='word_1_138' title='bbox 1099 2752 1328 2841; x_wconf 89' lang='lat' dir='ltr'>verborum</span> <span class='ocrx_word' id='word_1_139' title='bbox 1346 2748 1576 2866; x_wconf 77' lang='lat' dir='ltr'>pigritentis</span> <span class='ocrx_word' id='word_1_140' title='bbox 1598 2749 1703 2840; x_wconf 82' lang='lat' dir='ltr'>illita</span> <span class='ocrx_word' id='word_1_141' title='bbox 1727 2747 1929 2844; x_wconf 71' lang='lat' dir='ltr'>circumit</span> 
     </span>
    </p>

    <p class='ocr_par' dir='ltr' id='par_1_10' title="bbox 516 2875 1940 3006">
     <span class='ocr_line' id='line_1_19' title="bbox 516 2885 1930 3006; baseline 0.003 -30"><span class='ocrx_word' id='word_1_142' title='bbox 516 2885 568 2977; x_wconf 82' lang='lat' dir='ltr'>sae</span> <span class='ocrx_word' id='word_1_143' title='bbox 607 2888 825 2976; x_wconf 89' lang='lat' dir='ltr'>concionis</span> <span class='ocrx_word' id='word_1_144' title='bbox 853 2909 1064 2982; x_wconf 78' lang='lat' dir='ltr'>mercatus</span> <span class='ocrx_word' id='word_1_145' title='bbox 1082 2889 1271 3004; x_wconf 84' lang='lat' dir='ltr'>animos,</span> <span class='ocrx_word' id='word_1_146' title='bbox 1306 2917 1411 2978; x_wconf 84' lang='lat' dir='ltr'>mox</span> <span class='ocrx_word' id='word_1_147' title='bbox 1439 2886 1618 3006; x_wconf 85' lang='lat' dir='ltr'>superbo</span> <span class='ocrx_word' id='word_1_148' title='bbox 1640 2885 1875 2984; x_wconf 82' lang='lat' dir='ltr'>sciscitatur</span> <span class='ocrx_word' id='word_1_149' title='bbox 1893 2891 1930 2980; x_wconf 80' lang='lat' dir='ltr'>ti</span> 
     </span>
    </p>

    <p class='ocr_par' dir='ltr' id='par_1_11' title="bbox 514 3023 1934 3285">
     <span class='ocr_line' id='line_1_20' title="bbox 515 3023 1933 3152; baseline 0.002 -33"><span class='ocrx_word' id='word_1_150' title='bbox 515 3027 597 3119; x_wconf 90' lang='lat' dir='ltr'>iio:</span> <span class='ocrx_word' id='word_1_151' title='bbox 633 3023 840 3121; x_wconf 86' lang='lat' dir='ltr'>Parenrne</span> <span class='ocrx_word' id='word_1_152' title='bbox 861 3023 940 3118; x_wconf 88' lang='lat' dir='ltr'>suae</span> <span class='ocrx_word' id='word_1_153' title='bbox 971 3027 1184 3120; x_wconf 82' lang='lat' dir='ltr'>adferrent</span> <span class='ocrx_word' id='word_1_154' title='bbox 1204 3029 1469 3120; x_wconf 86' lang='lat' dir='ltr'>voluntatem</span> <span class='ocrx_word' id='word_1_155' title='bbox 1495 3029 1546 3118; x_wconf 86' lang='lat' dir='ltr'>ad</span> <span class='ocrx_word' id='word_1_156' title='bbox 1568 3023 1712 3148; x_wconf 57' lang='lat' dir='ltr'>patrissae</span> <span class='ocrx_word' id='word_1_157' title='bbox 1734 3029 1845 3124; x_wconf 90' lang='lat' dir='ltr'>fines</span> <span class='ocrx_word' id='word_1_158' title='bbox 1863 3059 1933 3152; x_wconf 84' lang='lat' dir='ltr'>pro</span> 
     </span>
     <span class='ocr_line' id='line_1_21' title="bbox 514 3165 1934 3285; baseline 0.003 -25"><span class='ocrx_word' id='word_1_159' title='bbox 514 3167 741 3285; x_wconf 86' lang='lat' dir='ltr'>serendos,</span> <span class='ocrx_word' id='word_1_160' title='bbox 771 3169 823 3260; x_wconf 84' lang='lat' dir='ltr'>ad</span> <span class='ocrx_word' id='word_1_161' title='bbox 854 3197 1012 3263; x_wconf 87' lang='lat' dir='ltr'>nomen</span> <span class='ocrx_word' id='word_1_162' title='bbox 1040 3170 1349 3262; x_wconf 84' lang='lat' dir='ltr'>immortalitati</span> <span class='ocrx_word' id='word_1_163' title='bbox 1385 3165 1777 3262; x_wconf 81' lang='lat' dir='ltr'>transcribendum?</span> <span class='ocrx_word' id='word_1_164' title='bbox 1815 3165 1934 3266; x_wconf 66' lang='grc' dir='ltr'>Εἰπὲ</span> 
     </span>
    </p>

    <p class='ocr_par' dir='ltr' id='par_1_12' title="bbox 469 3305 1940 3428">
     <span class='ocr_line' id='line_1_22' title="bbox 469 3305 1940 3428; baseline 0.003 -30"><span class='ocrx_word' id='word_1_165' title='bbox 469 3357 470 3360; x_wconf 29' lang='lat'>¹</span> <span class='ocrx_word' id='word_1_166' title='bbox 514 3330 659 3426; x_wconf 83' lang='lat' dir='ltr'>patere</span> <span class='ocrx_word' id='word_1_167' title='bbox 698 3339 891 3428; x_wconf 87' lang='lat' dir='ltr'>campum</span> <span class='ocrx_word' id='word_1_168' title='bbox 926 3309 1213 3428; x_wconf 84' lang='lat' dir='ltr'>ampliffimum</span> <span class='ocrx_word' id='word_1_169' title='bbox 1237 3305 1587 3400; x_wconf 82' lang='lat' dir='ltr'>Wiffehradenfis</span> <span class='ocrx_word' id='word_1_170' title='bbox 1611 3307 1807 3402; x_wconf 86' lang='lat' dir='ltr'>Ducatus</span> <span class='ocrx_word' id='word_1_171' title='bbox 1838 3336 1940 3406; x_wconf 59' lang='lat' dir='ltr'>eret</span> 
     </span>
    </p>
   </div>
   <div class='ocr_carea' id='block_1_5' title="bbox 515 3439 1940 3703">
    <p class='ocr_par' dir='ltr' id='par_1_13' title="bbox 515 3439 1940 3703">
     <span class='ocr_line' id='line_1_23' title="bbox 515 3439 1940 3572; baseline 0.008 -31"><span class='ocrx_word' id='word_1_172' title='bbox 515 3445 651 3541; x_wconf 80' lang='lat' dir='ltr'>finire:</span> <span class='ocrx_word' id='word_1_173' title='bbox 690 3447 718 3536; x_wconf 89' lang='lat' dir='ltr'>fi</span> <span class='ocrx_word' id='word_1_174' title='bbox 753 3451 950 3541; x_wconf 84' lang='lat' dir='ltr'>dexteras</span> <span class='ocrx_word' id='word_1_175' title='bbox 979 3439 1053 3542; x_wconf 86' lang='lat' dir='ltr'>fibi</span> <span class='ocrx_word' id='word_1_176' title='bbox 1079 3449 1307 3564; x_wconf 82' lang='lat' dir='ltr'>jungerent</span> <span class='ocrx_word' id='word_1_177' title='bbox 1343 3446 1611 3546; x_wconf 75' lang='lat' dir='ltr'>effediutum,</span> <span class='ocrx_word' id='word_1_178' title='bbox 1627 3453 1780 3572; x_wconf 85' lang='lat' dir='ltr'>procul</span> <span class='ocrx_word' id='word_1_179' title='bbox 1810 3453 1940 3572; x_wconf 64' lang='lat' dir='ltr'>dubit.i</span> 
     </span>
     <span class='ocr_line' id='line_1_24' title="bbox 518 3584 1940 3703; baseline 0.008 -27"><span class='ocrx_word' id='word_1_180' title='bbox 518 3603 567 3676; x_wconf 90' lang='lat' dir='ltr'>ut</span> <span class='ocrx_word' id='word_1_181' title='bbox 593 3584 732 3698; x_wconf 67' lang='lat' dir='ltr'>ejecto</span> <span class='ocrx_word' id='word_1_182' title='bbox 770 3586 812 3674; x_wconf 88' lang='lat' dir='ltr'>in</span> <span class='ocrx_word' id='word_1_183' title='bbox 847 3589 1022 3677; x_wconf 85' lang='lat' dir='ltr'>exilium</span> <span class='ocrx_word' id='word_1_184' title='bbox 1046 3587 1262 3703; x_wconf 84' lang='lat' dir='ltr'>Neidrno,</span> <span class='ocrx_word' id='word_1_185' title='bbox 1297 3618 1354 3680; x_wconf 83' lang='lat' dir='ltr'>ex</span> <span class='ocrx_word' id='word_1_186' title='bbox 1377 3588 1706 3688; x_wconf 79' lang='lat' dir='ltr'>Wiiiehrudenfi</span> <span class='ocrx_word' id='word_1_187' title='bbox 1722 3587 1940 3686; x_wconf 72' lang='lat' dir='ltr'>zueeuu</span> 
     </span>
    </p>
   </div>
   <div class='ocr_carea' id='block_1_6' title="bbox 517 3714 1940 4134">
    <p class='ocr_par' dir='ltr' id='par_1_14' title="bbox 517 3714 1940 4144">
     <span class='ocr_line' id='line_1_25' title="bbox 518 3714 1940 3862; baseline 0.006 -46"><span class='ocrx_word' id='word_1_188' title='bbox 518 3755 604 3846; x_wconf 89' lang='lat' dir='ltr'>que</span> <span class='ocrx_word' id='word_1_189' title='bbox 624 3714 689 3813; x_wconf 53' lang='grc' dir='ltr'>(θ)</span> <span class='ocrx_word' id='word_1_190' title='bbox 726 3755 830 3818; x_wconf 83' lang='lat' dir='ltr'>unus</span> <span class='ocrx_word' id='word_1_191' title='bbox 853 3725 1043 3818; x_wconf 86' lang='lat' dir='ltr'>Ducatus</span> <span class='ocrx_word' id='word_1_192' title='bbox 1065 3730 1254 3848; x_wconf 71' lang='lat' dir='ltr'>emieat,</span> <span class='ocrx_word' id='word_1_193' title='bbox 1275 3730 1448 3850; x_wconf 91' lang='lat' dir='ltr'>ejusque</span> <span class='ocrx_word' id='word_1_194' title='bbox 1473 3729 1631 3824; x_wconf 83' lang='lat' dir='ltr'>summa</span> <span class='ocrx_word' id='word_1_195' title='bbox 1653 3761 1702 3821; x_wconf 84' lang='lat' dir='ltr'>ac</span> <span class='ocrx_word' id='word_1_196' title='bbox 1728 3733 1940 3862; x_wconf 63' lang='lat' dir='ltr'>imperim</span> 
     </span>
     <span class='ocr_line' id='line_1_26' title="bbox 517 3855 1940 3986; baseline 0.006 -28"><span class='ocrx_word' id='word_1_197' title='bbox 517 3869 599 3986; x_wconf 81' lang='lat' dir='ltr'>jam</span> <span class='ocrx_word' id='word_1_198' title='bbox 625 3867 712 3960; x_wconf 77' lang='lat' dir='ltr'>no&#39;n</span> <span class='ocrx_word' id='word_1_199' title='bbox 736 3895 868 3986; x_wconf 87' lang='lat' dir='ltr'>penes</span> <span class='ocrx_word' id='word_1_200' title='bbox 892 3864 1120 3984; x_wconf 75' lang='lat' dir='ltr'>Progenies</span> <span class='ocrx_word' id='word_1_201' title='bbox 1141 3867 1213 3964; x_wconf 88' lang='lat' dir='ltr'>sed</span> <span class='ocrx_word' id='word_1_202' title='bbox 1233 3855 1488 3964; x_wconf 82' lang='lat' dir='ltr'>Zatecenies</span> <span class='ocrx_word' id='word_1_203' title='bbox 1512 3873 1618 3965; x_wconf 85' lang='lat' dir='ltr'>stet·</span> <span class='ocrx_word' id='word_1_204' title='bbox 1688 3871 1812 3966; x_wconf 87' lang='lat' dir='ltr'>Nihil</span> <span class='ocrx_word' id='word_1_205' title='bbox 1832 3873 1940 3978; x_wconf 75' lang='lat' dir='ltr'>adit</span> 
     </span>
     <span class='ocr_line' id='line_1_27' title="bbox 520 4011 1940 4134; baseline 0.007 -37"><span class='ocrx_word' id='word_1_206' title='bbox 520 4011 724 4100; x_wconf 79' lang='lat' dir='ltr'>uitandam</span> <span class='ocrx_word' id='word_1_207' title='bbox 759 4014 1021 4130; x_wconf 85' lang='lat' dir='ltr'>popularium</span> <span class='ocrx_word' id='word_1_208' title='bbox 1040 4012 1318 4102; x_wconf 85' lang='lat' dir='ltr'>ambitionem</span> <span class='ocrx_word' id='word_1_209' title='bbox 1339 4013 1608 4105; x_wconf 78' lang='lat' dir='ltr'>cantatione</span> <span class='ocrx_word' id='word_1_210' title='bbox 1630 4017 1774 4132; x_wconf 85' lang='lat' dir='ltr'>patuit</span> <span class='ocrx_word' id='word_1_211' title='bbox 1798 4013 1940 4134; x_wconf 83' lang='lat' dir='ltr'>profu</span> 
     </span>
    </p>
   </div>
   <div class='ocr_carea' id='block_1_7' title="bbox 523 4149 1940 4390">
    <p class='ocr_par' dir='ltr' id='par_1_15' title="bbox 523 4149 1940 4390">
     <span class='ocr_line' id='line_1_28' title="bbox 523 4149 1940 4278; baseline 0.01 -42"><span class='ocrx_word' id='word_1_212' title='bbox 523 4151 559 4276; x_wconf 82' lang='lat' dir='ltr'>ri</span> <span class='ocrx_word' id='word_1_213' title='bbox 592 4149 831 4268; x_wconf 86' lang='lat' dir='ltr'>efficacius,</span> <span class='ocrx_word' id='word_1_214' title='bbox 869 4153 915 4248; x_wconf 87' lang='lat'>&amp;</span> <span class='ocrx_word' id='word_1_215' title='bbox 946 4181 1054 4272; x_wconf 76' lang='lat' dir='ltr'>veto</span> <span class='ocrx_word' id='word_1_216' title='bbox 1082 4154 1220 4248; x_wconf 86' lang='lat' dir='ltr'>omnis</span> <span class='ocrx_word' id='word_1_217' title='bbox 1253 4153 1383 4246; x_wconf 83' lang='lat' dir='ltr'>altuni</span> <span class='ocrx_word' id='word_1_218' title='bbox 1417 4153 1727 4264; x_wconf 80' lang='lat' dir='ltr'>vociferabatur</span> <span class='ocrx_word' id='word_1_219' title='bbox 1754 4159 1940 4278; x_wconf 77' lang='lat' dir='ltr'>populus</span> 
     </span>
     <span class='ocr_line' id='line_1_29' title="bbox 1697 4300 1906 4390; baseline 0.01 -2"><span class='ocrx_word' id='word_1_220' title='bbox 1697 4311 1699 4316; x_wconf 79' lang='grc'>’</span> <span class='ocrx_word' id='word_1_221' title='bbox 1855 4300 1906 4390; x_wconf 74' lang='lat' dir='ltr'>dc</span> 
     </span>
    </p>
   </div>
   <div class='ocr_carea' id='block_1_8' title="bbox 0 0 1952 5046">
    <p class='ocr_par' dir='ltr' id='par_1_16' title="bbox 0 0 1952 5046">
     <span class='ocr_line' id='line_1_30' title="bbox 0 0 1952 5046; baseline 0 4"><span class='ocrx_word' id='word_1_222' title='bbox 0 0 1952 5046; x_wconf 95' lang='lat' dir='ltr'> </span> 
     </span>
    </p>
   </div>
  </div>
 </body>
</html>
