4094 5040
463 313 464 318 x
512 431 515 436 ,
654 351 1003 434 wimarus.
1447 373 1525 453 495

95 530 194 636 dine
217 525 423 636 alienum,
450 504 501 608 (ι)
538 513 621 610 sola
647 515 808 636 species
832 517 977 608 vultus
1009 515 1198 606 nonnihil
1220 531 1378 605 mutata
1408 513 1528 605 vide-

96 667 233 756 batur.
261 650 316 750 (6)
340 681 348 694 ’
421 655 536 748 Τιιιιι
561 659 725 772 ingenti
755 655 906 768 gaudio
930 657 975 744 in
988 653 1116 766 jubila
1142 653 1267 746 soluti
1285 671 1425 768 grates
1450 653 1529 751 int·
1570 750 1572 758 ,

4 877 5 880 ¹
95 781 259 894 mensas
279 793 382 888 Deo
405 797 496 913 pro'
512 814 630 886 tanto
663 792 853 884 thesauro
875 791 1078 884 referunt.
1126 791 1354 884 Sustollunt
1375 819 1526 907 corpus

3 1007 4 1010 κ
48 1001 51 1007 -
96 941 283 1057 illudque
320 963 399 1026 arae
431 931 578 1024 sandiae
612 933 839 1024 Catharinrs
865 931 1144 1049 imponentes
1169 919 1217 1020 (6)
1283 929 1525 1024 sacrificium
1643 989 1651 1000 -

96 1081 256 1193 laudis,
292 1075 336 1166 dc
365 1074 590 1187 gratiarum
622 1073 796 1162 astionis
820 1071 981 1160 ibidem
988 1072 1255 1184 decantant;
1289 1069 1412 1162 sacris
1431 1097 1524 1186 per·

96 1210 199 1356 athis
230 1214 523 1329 sarcophagum
556 1237 790 1327 corpusque
824 1209 985 1299 ledricae
1007 1207 1255 1324 immissum,
1290 1239 1375 1302 uno
1398 1210 1526 1300 utrin-

2 1415 10 1450 ι
63 1343 182 1482 ssque
198 1351 344 1470 juncto
366 1379 491 1466 equo,
510 1343 686 1461 Pragam
709 1375 806 1437 cum
830 1323 988 1436 summa
1014 1352 1287 1442 veneratione
1314 1351 1369 1443 in
1378 1342 1598 1443 Ecaten
1540 1359 1721 1446 Ρνιιιιι

96 1499 195 1590 fiam
219 1491 263 1583 S.
288 1487 483 1580 Matthaei
507 1475 650 1610 (quam
672 1489 794 1604 paulo
827 1503 926 1576 ante
955 1489 1121 1579 obitum
1141 1487 1259 1578 suum
1276 1431 1638 1605 Spitihuaeusfm
1637 1491 1649 1524 '

96 1635 150 1724 ad
170 1629 334 1746 portam
359 1625 698 1718 Hradeczeusem
723 1624 913 1718 edificari
937 1621 1173 1736 curaverat)
1192 1631 1430 1753 deportant.
1457 1613 1528 1718 (s)

3 1853 5 1860 ,
97 1767 299 1884 Missique
319 1767 484 1878 nuncii,
522 1795 593 1886 qur
581 1763 796 1882 Principi
825 1765 1075 1857 indicarent:
1114 1767 1219 1864 aviae
1242 1768 1531 1882 incorruptum

101 1936 253 2026 corpus
276 1903 424 1996 adesse.
450 1889 517 1996 (s)

7 2149 22 2164 .
243 2041 412 2136 Postera
433 2047 502 2136 die
532 2019 656 2166 (quas
686 2062 776 2134 erat
797 2043 961 2137 decima
981 2040 1241 2136 Novembris
1267 2031 1354 2155 (6))
1389 2036 1532 2134 Wea
1583 2069 1591 2090 ‘
1650 2033 1652 2039 ’

97 2186 259 2290 cessans
287 2185 432 2274 accitis
453 2183 632 2274 universi
650 2183 765 2273 Cleri
795 2184 934 2272 choris
957 2209 1056 2274 cum
1073 2175 1260 2276 fidelium
1283 2183 1442 2274 infinita
1458 2208 1530 2297 pe

99 2350 156 2414 ne
191 2321 459 2412 multitudine
494 2322 664 2413 obviam
692 2319 885 2436 processit
917 2315 1031 2412 sacro
1071 2322 1239 2437 corpori
1253 2389 1267 2434 ,
1326 2319 1439 2438 quod
1473 2345 1532 2408 ex

98 2455 285 2554 Ecclesia
304 2457 517 2552 sublatum
549 2456 786 2558 sacerdotes
823 2460 1006 2554 humeris
1050 2455 1133 2549 suis
1165 2461 1210 2547 in
1240 2459 1387 2548 urbem
1431 2482 1530 2544 cum

98 2599 268 2714 hymnis
298 2599 343 2692 da
370 2599 503 2710 jubilo
542 2599 773 2711 gaudentes
809 2599 1065 2710 intulerunt,
1100 2594 1296 2714 Principe
1335 2599 1379 2684 in
1413 2593 1528 2711 pullo

104 2739 240 2830 ducah
275 2735 426 2829 amisso
460 2765 557 2826 cum
588 2737 857 2852 proceribus,
892 2738 1119 2855 populique
1144 2735 1445 2850 magistratibus
1469 2729 1527 2822 sa-

3 2881 7 2906 *
101 2901 191 2964 eras
222 2875 415 2991 reliquias
447 2873 811 2993 subsequentibus3
849 2903 1000 2991 agmen
1034 2860 1252 2967 claudebat
1280 2873 1461 2990 vulgus
1450 2899 1527 2962 nn·
1815 2976 1820 2987 Ι

94 3009 246 3114 menso
284 3039 393 3130 pene
423 3041 614 3108 numero.
724 3010 821 3116 Qua
856 3018 1096 3106 ceremonia
1126 3011 1340 3106 thesaurus
1377 3011 1527 3104 istem
1538 3018 1698 3102 neptum
1712 3009 1760 3099 n]

103 3153 215 3242 aedes
236 3145 342 3242 Divi
364 3150 538 3264 Georgii
559 3152 781 3244 translatus
799 3156 870 3246 est
940 3152 1061 3244 Isthic
1085 3155 1140 3242 de
1156 3151 1305 3242 sandiis
1324 3149 1527 3263 Martyri-
1509 3184 1596 3248 woo
1539 3098 1714 3268 seqq.
1626 3101 1714 3172 ””

102 3289 181 3396 hus
204 3289 412 3380 decantati
445 3291 598 3416 quique
619 3287 783 3414 piiffimi
809 3293 971 3408 hymni,
998 3292 1293 3450 consumitque
1311 3291 1363 3379 ad
1396 3309 1566 3392 traus-

102 3418 271 3526 lationis
299 3429 411 3518 istius
445 3415 643 3550 solemnia
674 3458 761 3520 non
792 3433 921 3542 modo
951 3431 1089 3556 omnis
1112 3429 1359 3542 Christianus
1387 3425 1460 3518 sed
1483 3427 1528 3518 dt

101 3567 293 3657 ethnicus
315 3567 491 3681 populus
512 3567 747 3658 miraculo
736 3569 965 3685 incorrupti
987 3568 1174 3685 corporis
1198 3566 1379 3658 excitus.
1417 3567 1525 3655 Con

87 3703 191 3794 'sisio
217 3705 370 3796 deinde
387 3735 415 3797 a,
429 3702 710 3796 sacerdotibus
734 3725 910 3824 accepto
937 3705 1098 3800 fannus
1120 3703 1320 3828 Princeps
1341 3701 1392 3796 Β.
1413 3701 1526 3794 Lus

77 3837 238 3946 ,milla
262 3873 414 3960 corpus
432 3843 679 3956 evolutum,
716 3865 919 3961 extraque
940 3841 1230 3960 sarcophagum
1254 3845 1430 3960 pofitum
1454 3869 1526 3957 po·

102 3977 203 4096 pulo
234 3977 478 4074 in'Eccleha
503 3981 766 4098 spedandum
790 3982 994 4072 exhibuit.
1022 3967 1066 4068 (6)
1178 3979 1274 4082 Qua
1295 3977 1526 4092 admirabili

101 4115 607 4232 membrorum'omnium
644 4121 887 4238 integritate
918 4125 1123 4229 commoti
1154 4148 1302 4216 omnes
1324 4119 1526 4236 magnalia

1225 4303 1231 4314 ·
1370 4259 1457 4352 Dei
