4054 5030
501 311 579 411 646
1028 369 1032 374 .
1093 303 1260 386 Annus
1302 319 1390 402 935.

271 479 381 552 mlle.
401 473 478 565 Epir.
503 467 593 538 Arma
616 477 725 557 1370.
745 455 925 538 onasus
940 460 1012 534 Rex
1028 455 1161 537 Bomlae
1176 456 1278 532 adbuc
1295 459 1444 530 mumius
1457 445 1641 562 ftmlfst
1658 466 1784 550 patrm
1809 453 1864 530 ad
1885 461 1952 532 c·-

269 572 594 652 l.1.r-7·p·30·mln'a
617 559 881 662 Norlmbsrgm
907 553 950 633 θ’
971 553 1066 656 finam
1088 557 1258 630 adventuras
1282 553 1468 658 fignlfismt
1487 572 1548 650 per
1578 573 1731 652 ingentem
1758 557 1949 648 flumen.

500 667 542 740 rd
558 670 640 738 enim
655 663 784 762 [olem
805 656 953 733 arbelam
969 665 1063 759 Reges
1080 659 1321 747 Bolmtlncam
1338 654 1384 728 ad
1397 655 1509 726 Aulam
1529 649 1653 747 casira
1668 663 1824 732 venirem.
1901 659 1951 732 H
2020 671 2023 726 l

500 774 594 844 eriam
602 763 699 858 fiebat
717 761 752 834 ol
776 761 903 860 insignio
919 761 1031 860 sqtrr'lae
1049 759 1145 858 nigra
1166 765 1201 832 in
1216 759 1351 851 flemma
1362 751 1524 848 stanteis
1545 751 1610 824 allo
1635 773 1763 851 campo,
1788 759 1885 866 qued
1906 767 1940 831 in

498 869 598 966 eppe·
620 868 720 936 Dans
744 864 895 934 Bobemt‘ae
913 849 1157 958 [etelstanum.
1221 852 1328 932 Vides
1353 850 1413 928 hic
1435 853 1569 938 ledor,
1586 874 1760 950 quantum
1787 877 1829 931 ln
1857 855 1941 957 opi-

498 965 613 1041 nione
633 961 701 1036 hac
727 955 849 1062 clypei
877 954 1016 1032 varient
1031 956 1197 1034 authores
1221 949 1336 1030 nostri
1346 1008 1358 1068 2
1386 977 1467 1063 cum
1493 947 1591 1028 enim
1609 949 1810 1029 Dalenrilus
1826 953 1940 1032 dixis·
2014 1036 2019 1045 ,

497 1064 548 1142 set
567 1060 652 1137 ideo
676 1083 695 1134 a
717 1057 877 1134 Ducibus
893 1053 1048 1132 Boemiae
1071 1053 1256 1134 alsumtam
1275 1053 1427 1153 aquilam
1450 1076 1488 1127 m
1514 1050 1685 1127 flammeo
1712 1077 1793 1130 carn
1860 1113 1871 1144 ‚
1900 1080 1939 1133 ut

526 1186 564 1240 et
591 1185 669 1236 eam
695 1155 939 1260 fignificarent
955 1154 1005 1250 jus
1030 1153 1096 1232 fibi
1118 1157 1163 1232 ob
1187 1156 1330 1233 Ottone
1350 1148 1580 1230 concellum:
1607 1177 1683 1250 quo
1708 1151 1756 1230 ad
1822 1157 1940 1236 uriam
2021 1153 2023 1234 Ξ

497 1189 731 1365 iinpemtoris
763 1258 953 1336 venientes
979 1281 1046 1358 per
1073 1253 1223 1332 milliare
1250 1250 1377 1356 ignem
1402 1249 1634 1330 circumferre
1664 1251 1842 1354 pollent,
1874 1256 1938 1336 hic
2015 1285 2023 1368 l

500 1383 627 1440 contra
644 1359 776 1436 sutltor
792 1355 879 1435 dicit
896 1412 907 1448 ,
932 1355 1018 1433 ideo
1035 1382 1054 1432 a
1070 1355 1292 1434 Wenceslao
1316 1342 1505 1456 ingentem
1525 1351 1704 1428 flammam
1730 1354 1936 1452 excitatam,

499 1486 539 1538 ut
554 1458 667 1564 nigra
688 1458 809 1558 aquila
827 1455 866 1534 in
885 1457 1027 1532 llarnma
1050 1453 1167 1534 stantis
1183 1453 1397 1533 memoriam
1415 1451 1577 1532 referret.
1643 1451 1791 1534 Scilicet
1806 1463 1935 1538 author

498 1559 561 1640 hic
580 1557 759 1664 posterior
778 1558 960 1636 flammam
984 1553 1176 1660 ingentem
1200 1580 1220 1632 a
1243 1553 1468 1634 wenceslao
1492 1577 1591 1630 anno
1615 1578 1725 1652 1370.
1747 1557 1934 1636 excitatam
2022 1631 2024 1678 ἰ

501 1661 562 1742 seu
590 1683 758 1761 tanquam
782 1657 913 1736 auritus
939 1657 998 1734 seu
1025 1660 1131 1762 plane
1156 1656 1312 1733 oculatus
1336 1651 1430 1732 tellis
1456 1651 1501 1728 ad
1526 1649 1770 1752 posteritatem
1797 1656 1934 1738 fincere
2023 1707 2024 1710 κ

498 1759 737 1864 transcriplit‚
762 1757 930 1838 notitiam
949 1782 1040 1836 vero
1065 1755 1160 1834 illam
1187 1755 1234 1834 de
1258 1753 1375 1856 aquila
1399 1751 1438 1830 in
1462 1751 1607 1828 flunma
1631 1753 1743 1832 (lanae
1760 1783 1805 1836 ex
1825 1761 1935 1838 Dule-
2011 1825 2024 1856 .,

498 1860 574 1939 mili
595 1883 653 1936 aut
675 1863 834 1936 Pullravoe
854 1855 1066 1952 conjecturis
1083 1854 1195 1933 hausit
1202 1911 1214 1949 ,
1239 1881 1315 1956 qua
1332 1851 1437 1933 nobis
1454 1853 1561 1956 plane
1577 1850 1688 1932 fidem
1701 1882 1779 1934 non
1795 1857 1936 1938 faciunt
2022 1875 2024 1878 ’

497 1959 742 2038 narrationem
761 1957 850 2034 citra
867 1955 1124 2034 limitationem
1141 1953 1364 2054 dubiumque
1379 1949 1494 2054 recipi
1517 1950 1627 2054 poss'e.

634 2055 707 2129 Sed
736 2051 880 2130 fortaffe
910 2053 1011 2148 hujus
1045 2051 1183 2128 tuenda
1217 2050 1419 2129 traditionis
1455 2077 1549 2157 ergo
1586 2051 1676 2132 dicet
1707 2049 1853 2152 aliquis:
1887 2054 1933 2134 in

498 2157 610 2235 vexillo
635 2153 698 2230 illo
715 2161 833 2260 Magno
854 2153 914 2229 seu
941 2149 1090 2266 proprie
1112 2149 1210 2228 dido
1232 2156 1348 2230 Vexidn
1363 2159 1398 2232 S.
1418 2159 1577 2236 Wentrslas'
1601 2152 1859 2256 proculdubio
1881 2159 1934 2234 ef-

499 2253 660 2360 figiatam
677 2253 777 2330 fuisse
792 2259 903 2361 aquila
920 2251 1137 2345 irnaornetn,
1162 2279 1238 2354 qua
1254 2279 1324 2356 pro
1354 2275 1449 2330 terea
1465 2281 1559 2330 aranu
1573 2261 1605 2334 S.
1632 2261 1787 2333 Wenctrlar'
1803 2262 1932 2361 appel·

500 2359 588 2450 lata,
616 2363 651 2434 δι
670 2355 831 2468 polleas
851 2351 977 2467 ceteris
992 2320 1162 2466 ilucibps
1188 2379 1257 2457 pto
1275 2279 1352 2430 inlrp
1396 2351 1407 2426 i
1423 2376 1603 2458 acceptata
1623 2357 1681 2434 fit:
1710 2356 1793 2435 Scio
1808 2385 1859 2436 ex
1876 2359 1932 2438 hi·
1973 2435 1980 2448 ,

500 2455 619 2535 storiis
639 2454 766 2533 nostris
791 2455 964 2532 vexillum
983 2451 1212 2558 quodpiam,
1238 2479 1314 2554 quo
1355 2513 1365 2536 .
1386 2453 1620 2534 Wenceslaus
1638 2457 1794 2572 virens,
1820 2459 1956 2563 legio,

500 2553 1182 2768 llllnlllllllllllllll
1198 2557 1404 2768 nillil&
1441 2553 1933 2766 lllrlffllllllllll
2023 2609 2025 2698 ³

502 2783 549 2834 eo
569 2756 644 2832 usus
670 2754 808 2843 fuller,
836 2779 910 2830 tum
928 2751 1029 2853 quod
1045 2756 1078 2830 S.
1094 2753 1272 2832 Ludnnlla
1293 2779 1373 2833 arra
1390 2777 1498 2830 manu
1517 2757 1575 2833 sua
1599 2757 1638 2834 id
1653 2758 1824 2838 vexillum
1843 2789 1934 2842 con·

501 2854 648 2934 fecillet.
714 2853 796 2929 Scio
811 2857 959 2930 venellam
975 2850 1066 2956 illud
1082 2861 1143 2930 Ma
1185 2883 1256 2941 uns,
1283 2863 1321 2932 dc
1335 2859 1483 2930 vexillam
1498 2863 1532 2937 S.
1556 2865 1714 2951 Wenceslar’
1728 2861 1854 2961 paffim
1872 2889 1934 2967 ap·

501 2953 627 3058 pellari
643 2953 806 3046 solitum,
831 2953 905 3032 scio
921 2951 960 3028 id
976 2952 1038 3055 pia
1083 2979 1123 3030 ua
1151 2979 1207 3030 sm
1226 2953 1357 3034 fiducia
1371 2953 1478 3032 toties
1497 2957 1703 3061 legionibus
1718 2957 1852 3040 nollris
1869 2991 1934 3067 po-

501 3051 625 3130 sterius
669 3055 841 3146 relatum,
868 3051 1010 3154 quoties
1035 2981 1201 3132 adversus
1220 3051 1339 3132 hostes
1363 3052 1550 3158 expeditio
1566 3059 1684 3138 fiebat.
1756 3063 1852 3140 Non
1879 3089 1931 3142 me

502 3151 599 3255 fugit
615 3081 666 3229 id
676 3151 794 3230 adhuc
819 3155 881 3230 sub
905 3153 1086 3265 Ottocaro
1104 3158 1147 3232 11.
1167 3155 1351 3248 aJarollio
1368 3157 1439 3231 Bur
1531 3155 1598 3236 vio
1620 3157 1722 3238 castri
1746 3165 1929 3267 Progenss

502 3254 668 3332 adversos
698 3257 892 3358 ilungaros
919 3253 958 3330 in
986 3279 1099 3332 actem
1128 3253 1344 3356 productum
1364 3253 1413 3332 fu‘
1432 3283 1494 3353 e,
1520 3280 1559 3334 ut
1587 3285 1715 3361 prater
1740 3265 1929 3342 Pullravam

274 3369 406 3441 Menken.
424 3371 459 3437 Τ.
501 3377 617 3431 narrat
633 3359 850 3456 Anonymus
870 3353 966 3457 apud
987 3353 1235 3434 Menkeniumr
1319 3359 1400 3433 lmo
1423 3353 1499 3432 scio
1527 3360 1696 3437 vexillum
1719 3363 1796 3440 hoc
1820 3365 1930 3443 adhuc

274 3461 600 3544 transpaitano
632 3469 740 3552 1368.
763 3453 935 3558 superstes
960 3453 1089 3548 soille,
1126 3452 1424 3556 quandoquidem
1460 3457 1732 3563 Wratiorogius
1765 3467 1927 3544 Decanus

505 3553 807 3655 Metropolitanus
829 3553 867 3630 id
890 3555 1049 3632 recenset
1069 3553 1105 3631 in
1126 3558 1188 3632 suo
1211 3555 1421 3634 Invenrario
1441 3556 1665 3659 supellectilis
1689 3561 1793 3642 licre
1818 3575 1856 3646 δι
1876 3593 1929 3644 re·

276 3651 692 3762 ptffimnaapliquiorum
721 3654 1015 3759 Metropolitanus
1036 3654 1195 3763 Ecclesia
1216 3652 1271 3730 his
1297 3653 1437 3734 verbis:
1474 3666 1625 3736 Vexillum
1646 3690 1823 3766 ntegrum,
1849 3669 1930 3774 qued
2019 3715 2025 3738 .

269 3781 389 3851 p473·
495 3759 572 3860 sctit
592 3758 630 3831 B.
653 3758 835 3832 audurae..
895 3759 945 3832 At
968 3779 1171 3856 quanquam
1195 3753 1412 3834 creberrime
1438 3757 1561 3836 vexilli
1582 3759 1676 3838 istius
1700 3791 1768 3864 per
1794 3767 1927 3848 diversa

501 3854 621 3933 facula
641 3851 701 3930 fiat
718 3851 885 3948 mentio,
908 3855 1072 3956 nuspiam
1090 3879 1208 3932 tamen
1227 3855 1409 3956 proditum
1427 3855 1578 3938 invenio
1594 3861 1634 3940 id
1658 3861 1783 3962 aquila
1809 3871 1929 3975 effigie

503 3952 713 4056 insignitum
733 3949 843 4030 fuisse.
920 3951 1027 4032 auin
1048 3954 1074 4032 fi
1096 3955 1334 4034 concedamus
1349 3957 1455 4034 etiarn
1472 3957 1511 4034 in
1529 3965 1603 4038 hoc
1620 3963 1752 4040 vexillo
1774 3973 1928 4069 aquilam

503 4053 694 4156 effigiatam
715 4053 844 4132 fuisse:
871 4080 915 4131 an
941 4081 1132 4159 propterea
1156 4058 1229 4134 hec
1252 4081 1348 4136 arma
1374 4057 1463 4136 Divi
1487 4061 1695 4140 Wenceslai
1722 4064 1827 4146 soille
1854 4097 1925 4148 tuto

504 4151 626 4234 dicere
648 4151 798 4234 licebitl
827 4155 922 4239 auis
941 4157 1052 4236 nescit
1075 4153 1112 4235 in
1140 4156 1276 4240 vexillis
1296 4155 1485 4263 legionum
1504 4161 1607 4240 etiam
1632 4163 1920 4267 primariisnrbt'·
