3896 5046
609 331 615 338 ’
676 337 947 419 Holrrvrrr
986 357 1018 422 r.
1493 367 1510 422 ι

121 370 1566 568 mmmmsanmsremnaaluaoeamnamae

557 633 1241 778 ANNUSssnr'

121 811 541 1220 Praeeuntema
500 809 550 902 ad
575 837 718 904 manes
746 803 961 902 Zbislaum
984 807 1151 904 secutus
1176 817 1258 912 lroc
1281 831 1388 904 anno
1410 809 1721 923 ΝεῙιΙι-ΝιιιιιιιΙ
1738 859 1794 904 m.

285 984 364 1048 nus
395 953 454 1043 est
501 939 562 1038 ()
597 971 764 1044 terrore
785 971 1017 1070 metuque,
1055 979 1167 1072 quo,
1204 954 1304 1046 dum
1334 957 1475 1071 vixit,
1509 958 1565 1046 la·
1572 939 1638 988 m
1662 931 1802 1004 ''m''-

279 1095 480 1208 bombat,
516 1113 736 1207 mortuus,
781 1112 830 1187 ut
876 1094 1048 1211 quidem
1093 1095 1284 1184 nonnulli
1321 1098 1564 1190 nostratium

119 1237 322 1356 scripturn
356 1235 583 1351 reliquere.
693 1229 834 1348 Ajunt
868 1236 983 1326 enim
999 1229 1198 1342 Neklano
1221 1233 1422 1328 nosturna
1448 1235 1565 1330 forte

63 1373 67 1380 ’
115 1379 228 1475 sacra
252 1376 496 1495 procuranti
517 1395 692 1468 aureum
714 1372 917 1466 daemonis
939 1373 1222 1488 immanium,
1262 1375 1331 1466 cui
1354 1375 1400 1468 in
1416 1377 1565 1469 larario

115 1523 293 1624 litabat,
322 1515 585 1606 terribilibus
611 1496 762 1632 pr'aeter
784 1513 956 1607 solitum
974 1515 1110 1606 oculis
1135 1509 1440 1638 surrentum,
1466 1507 1578 1610 den

121 1678 277 1775 resque
288 1657 332 1744 in
347 1673 444 1743 eum
460 1653 715 1771 distrinxilie,
717 1683 771 1748 eo
784 1658 967 1774 denique
978 1675 1141 1747 terrore
1152 1657 1384 1772 principem
1398 1687 1566 1776 correp-

122 1817 218 1891 turn
244 1797 421 1884 aniruam
446 1793 646 1888 efflavilie
669 1818 817 1915 quarto
836 1801 926 1916 post
948 1799 1032 1888 die
1078 1791 1368 1886 Tumulatus
1357 1825 1401 1886 ιιι
1425 1795 1566 1889 Hrob·
1600 1865 1603 1872 -
1698 1805 1702 1816 '

123 1939 176 2030 lut
196 1919 358 2040 Neklan
375 1937 482 2052 nihil
511 1938 787 2055 defideravit,
822 1937 1024 2058 quidquid
1052 1935 1223 2026 honoris
1254 1933 1437 2052 supremi
1473 1938 1565 2030 aliis

49 2069 52 2076 ’
123 2095 222 2170 ante
266 2105 365 2168 eum
385 2062 657 2195 Principibus
684 2101 828 2190 vetus¹
847 2080 991 2198 patriae
1013 2099 1108 2190 mos
1126 2073 1565 2192 inrpendereconsue·

126 2221 216 2334 vit,
254 2221 496 2337 repertique
529 2219 625 2310 funt
655 2215 820 2340 insuper
844 2221 899 2311 de
929 2207 1202 2310 multitudine
1221 2244 1308 2308 non
1330 2219 1455 2336 pauci
1485 2219 1564 2309 cri-

121 2385 224 2448 nem
268 2359 522 2476 barbamque
563 2355 845 2476 relerentes,
903 2361 1211 2474 mittentesque
1258 2359 1301 2446 in
1338 2355 1564 2449 funereum

124 2501 298 2614 ignem,
334 2499 378 2588 &
395 2502 559 2614 magnis
586 2503 766 2592 vocibus
799 2503 1049 2590 clamantes:
1094 2565 1123 2612 ‚‚
1145 2493 1260 2586 Date
1282 2497 1406 2586 nobis
1428 2499 1564 2588 vitio·

125 2709 155 2756 „
179 2640 280 2730 riam
300 2629 377 2736 Dii
402 2641 689 2799 immortales,
712 2644 809 2732 date
831 2639 1097 2804 Principem,
1118 2637 1189 2754 qui
1207 2656 1363 2728 terram
1384 2637 1562 2758 patriam

125 2847 156 2895 „
177 2799 359 2872 tueamr.
348 2847 410 2894 .„
635 2867 638 2876 .

276 2915 402 3010 Haud
430 2924 569 3012 multo
592 2923 682 3039 post
705 2915 887 3040 Lopotae
906 2865 979 3010 seu
1001 2915 1208 3035 primores
1226 2918 1367 3033 gentis
1390 2915 1647 3011 {annisum
1648 2891 1789 3014 aalma

128 3057 290 3176 populo
320 3063 504 3152 comitiis
537 3064 587 3152 ad
627 3061 793 3154 fontem
825 3056 1063 3152 Gezerlram
1091 3055 1331 3176 Principem
1367 3035 1660 3150 crearunt'm
1643 3019 1783 3121 ’ἴω

123 3195 393 3293 Hostivitum
419 3185 466 3286 (ὅ)
502 3203 631 3290 tilium
650 3199 834 3294 Nellani
867 3199 1097 3314 majorem,
1133 3225 1260 3314 quem
1279 3227 1384 3288 mox
1401 3193 1562 3286 Wiile·

124 3335 276 3429 bradi
262 3359 375 3431 mter
396 3337 563 3433 festivas
585 3341 904 3434 acclamationes
929 3339 1105 3456 dataque
1128 3335 1379 3437 sacramenta
1397 3336 1563 3427 redimi·

122 3465 232 3572 tum¹
245 3473 398 3574 Ducali
429 3483 545 3602 pileo
575 3482 648 3578 seo
682 3486 806 3576 mitra
828 3477 1069 3610 l'rzemysli
1095 3467 1142 3570 (ί)
1179 3481 1316 3602 patrio
1346 3479 1431 3574 ritu
1451 3479 1565 3604 inau-

125 3640 340 3734 gurarunt.

276 3757 443 3854 Eodem
463 3789 570 3856 anno
592 3761 776 3884 Lopotae
795 3747 929 3888 (quos
951 3763 1061 3883 quali
1079 3753 1273 3880 Ephorus
1298 3759 1435 3874 dicas3
1472 3752 1563 3852 tani

128 3923 172 3997 ta
195 3903 309 3996 enim
333 3931 482 3996 eorum
504 3907 865 4038 ratiotionem,
898 3924 1054 3994 utnon
1080 3903 1395 3993 multitudinem
1417 3901 1564 4013 modo,

126 4043 201 4138 sed
226 4043 495 4136 nobilitatem
531 4047 688 4163 etiam,
725 4047 997 4160 minoresque
1031 4042 1220 4156 dynastas
1263 4039 1464 4131 arbitratu
1488 4037 1563 4130 suo

125 4173 365 4309 versarent)
382 4183 558 4278 dandam
581 4217 763 4284 uxorem
785 4177 1003 4280 Hostivito
1028 4181 1126 4304 rati,
1143 4177 1417 4288 Miloslavam
1438 4179 1565 4274 filiam
1577 4197 1692 4284 Mam
1705 4203 1795 4287 Hati-

175 4343 523 4466 postumam.
540 4351 683 4434 merc„
825 4319 870 4418 T
1394 4319 1501 4417 Ηιι
1575 4290 1642 4353 ”””’
