3896 5046
467 319 538 416 136
1032 281 1200 392 nauus
1235 326 1320 410 87r.

606 465 700 546 Vlll.
730 457 978 544 Verosrmilior
1011 463 1154 564 epocha
1187 461 1313 540 mortis
1348 457 1438 538 Diri
1473 461 1606 564 Cyrilli
1638 461 1877 567 gestorumque

235 609 337 688 Pueros
353 569 553 664 addirmox
581 568 777 649 allatorum.
854 569 943 642 Non
971 563 1094 640 nescio
1124 562 1308 662 quideme
1327 563 1443 676 Pagio
1462 589 1503 642 ea
1519 563 1564 641 od
1583 583 1716 642 aunum
1737 567 1880 668 lupeno·

233 679 305 782 87⁸0·
326 691 364 752 Ν.
385 699 434 763 30·
467 693 540 746 tem
558 665 710 760 neri-ari,
736 677 771 742 δι
791 667 835 742 ab
852 663 1094 742 Eruditissimo
1112 664 1307 740 All'emeno
1336 667 1474 740 obrtum
1493 667 1526 743 8.
1547 667 1679 775 Cyrilli
1698 668 1883 746 verolimil-

233 783 368 866 Allium
391 766 424 830 T·
464 771 549 848 lime
572 767 618 846 erl
640 791 775 843 annum
804 775 889 850 868.
923 764 1058 866 defigi,
1084 789 1236 842 ettamen
1266 766 1339 840 hec
1357 763 1539 866 utriusque
1556 766 1745 843 domuum
1766 770 1834 846 Viri
1848 771 1882 848 iu

236 867 294 934 ΙΠ·
307 881 338 948 Ρ·
356 871 428 936 ¹¹9⁶
461 897 501 950 re
519 893 589 948 trurt
607 867 757 946 obscura
775 863 944 944 sententia
958 865 1026 944 est:
1054 865 1148 942 haud
1172 863 1391 942 inconcinne
1416 865 1522 942 etium
1537 867 1706 944 nonnilril
1723 869 1885 972 posterius

461 969 560 1050 muri
591 967 706 1046 morlo
732 991 816 1044 onte
843 966 953 1044 finem
981 965 1068 1043 autri
1096 983 1181 1065 872.
1198 993 1273 1068 quo
1291 970 1447 1059 Joanncs
1464 969 1623 1046 Octavus
1640 969 1825 1048 Hadriano
1841 975 1882 1054 11.

462 1067 727 1154 lnPootificotu
742 1067 1108 1172 succellit,tlefigatur.
1160 1063 1257 1144 Mihi
1277 1091 1373 1143 certe
1392 1067 1515 1144 omnia
1533 1095 1715 1148 momentu
1734 1073 1884 1150 solertius

460 1170 665 1264 excutienti
676 1195 786 1246 armus
800 1183 884 1265 870.
897 1172 1012 1246 multo
1025 1165 1140 1271 magis
1152 1177 1235 1254 868.
1248 1193 1472 1266 praematurus
1483 1169 1571 1244 viliis
1582 1169 1689 1263 estmt
1699 1172 1726 1246 is
1742 1174 1845 1248 morri
1853 1181 1886 1261 S.

462 1267 1646 1378 Cyrilli‚&rebuecum8.MethodioRomaegcstisconligneretur.
1684 1276 1776 1350 Nam
1791 1273 1882 1368 juxto

465 1378 615 1452 alterum
627 1371 704 1447 ritu·
724 1369 935 1472 scriptorem
947 1374 981 1444 8.
994 1367 1177 1446 llerlrudii
1199 1367 1607 1470 persecutio&Romam
1624 1373 1799 1476 prol'eclio
1815 1377 1885 1452 fac-

464 1495 497 1551 te
522 1473 678 1576 primum
709 1468 759 1546 eli
787 1491 961 1582 regnante
985 1469 1023 1546 in
1041 1467 1210 1546 Morarie
1229 1472 1467 1572 Suetopluco,
1495 1479 1531 1548 &
1558 1497 1704 1550 mortuo
1722 1475 1881 1568 munao,

465 1575 528 1676 qui
547 1598 628 1650 cum
645 1571 799 1676 primum
813 1595 906 1646 crrca
925 1569 1100 1647 Calendis
1120 1569 1339 1646 Novembris
1360 1597 1456 1648 anno
1477 1571 1599 1675 priore
1615 1574 1815 1654 testantibus
1833 1577 1886 1656 su·

464 1699 529 1790 pra
546 1671 650 1761 ellatis
673 1669 1031 1748 Francofuldensrbus
1050 1671 1246 1747 Annalibus
1274 1671 1384 1748 oculis
1411 1675 1553 1748 orbatus
1582 1675 1709 1768 fuerit,
1736 1704 1775 1754 ec
1802 1707 1884 1780 pro-

465 1776 549 1854 rude
578 1774 638 1850 vix
667 1773 773 1876 prius,
799 1769 968 1872 quomod
996 1771 1103 1846 finem
1135 1770 1218 1848 amri
1245 1771 1437 1876 superioris
1463 1797 1524 1848 aut
1547 1771 1687 1852 initium
1716 1781 1885 1878 praesentis

464 1873 558 1956 mori
579 1873 757 1978 potuerit,
782 1873 888 1950 saneti
908 1871 1091 1949 Methodii
1113 1877 1265 1948 Romam
1286 1873 1485 1974 profeolio,
1501 1897 1630 1975 totque
1646 1877 1783 1956 ibidem
1800 1881 1887 1958 illius

463 1987 537 2056 atlr
554 1975 647 2052 liuutl
665 1976 761 2076 lapso
780 2001 878 2050 euno
899 1989 984 2066 870.
998 1972 1214 2074 contingere
1234 1997 1440 2076 potuerunt.
1492 1979 1589 2052 Tum
1606 1978 1629 2052 li
1646 1981 1888 2080 glomerentur

465 2075 609 2156 omnia:
637 2095 782 2150 conatus
799 2079 832 2150 S.
851 2073 1033 2150 Methodii
1053 2073 1089 2149 in
1109 2073 1333 2176 corrigendo
1347 2077 1583 2178 Suetopluco‚
1609 2077 1703 2152 istius
1727 2079 1888 2160 adversus

464 2191 548 2256 eum
566 2199 785 2278 conceptum
808 2173 953 2262 odium,
980 2201 1020 2252 oc
1046 2175 1206 2288 denique
1232 2175 1410 2252 vibratum
1436 2177 1472 2252 in
1497 2177 1715 2277 pertinacem
1741 2186 1885 2262 anathe-

462 2303 540 2374 ma,
570 2275 679 2372 majus
699 2277 771 2352 luto
787 2275 984 2390 quodpiam
1004 2301 1179 2380 temporis
1197 2277 1346 2378 spatium
1371 2277 1587 2377 exposcunt,
1613 2307 1721 2378 quom
1750 2309 1789 2358 ut
1812 2312 1885 2364 utro

464 2379 587 2458 metrse
614 2373 775 2454 occidill'e
801 2377 897 2454 creda
925 2375 1292 2482 pollint,pr1esertim
1316 2375 1341 2452 li
1366 2375 1585 2480 precipitem
1604 2383 1707 2456 rebus
1722 2381 1761 2459 in
1779 2383 1886 2462 istius·

462 2481 564 2558 modi
591 2481 625 2556 S.
647 2475 878 2555 Merliurlium
905 2503 981 2554 non
1008 2477 1109 2552 fuille
1137 2477 1224 2552 libet
1246 2477 1351 2553 tueri.
1428 2479 1702 2557 Verolirnillime
1726 2483 1838 2587 igitur
1854 2491 1888 2564 8.

460 2579 756 2662 Methutlirrsltoc
772 2603 869 2656 auno
884 2577 966 2682 post
977 2581 1073 2656 xvi.
1084 2578 1261 2654 Kelendas
1272 2576 1430 2670 Martias,
1448 2607 1601 2680 quoquo
1617 2583 1765 2662 demum
1785 2614 1890 2662 men-

460 2685 496 2760 s
514 2689 667 2758 Romam
693 2679 849 2782 appulit,
876 2707 1030 2779 cumque
1046 2682 1078 2754 S.
1100 2679 1278 2781 Cyrillum
1298 2681 1444 2756 lintrem
1466 2681 1534 2773 iam
1553 2709 1734 2762 mortuum
1752 2685 1835 2762 imo.
1847 2685 1889 2764 in

461 2782 603 2860 Basilice
622 2779 710 2858 Diri
730 2777 823 2856 Petri
840 2805 1045 2856 marmoreo
1064 2781 1185 2856 loculo
1202 2781 1388 2856 coudimm
1407 2781 1609 2882 reperiffet,
1634 2813 1702 2862 nec
1719 2787 1892 2888 impetra-

461 2907 499 2960 re
517 2883 652 2985 pollet,
680 2905 716 2955 ut
736 2879 807 2976 ejus
826 2880 1019 2985 corporati
1047 2879 1197 2958 nutrium
1219 2881 1336 2981 poffet
1354 2883 1501 2968 revehi,
1529 2884 1566 2960 id
1581 2911 1701 2963 tamen
1721 2889 1892 2991 precibus

460 2983 527 3060 suis
548 2981 667 3072 euicit,
685 3005 721 3056 ut
737 3007 780 3056 ex
798 2979 831 3056 8.
849 2979 942 3058 Petri
960 2981 1101 3058 llasrlrca
1122 2980 1160 3056 in
1177 2985 1210 3056 S.
1221 2983 1418 3060 Clementis
1429 2987 1616 3061 Eccleliuur
1632 2989 1893 3070 transferretur.

458 3087 506 3162 Et
527 3111 608 3162 cum
630 3079 731 3184 prior
747 3080 827 3156 vita:
851 3083 981 3158 author
1000 3065 1046 3158 tie
1067 3081 1293 3160 translatione
1320 3083 1409 3158 illius
1424 3088 1576 3184 loquens
1592 3087 1688 3164 dicat
1703 3090 1804 3168 illum
1815 3107 1896 3192 prr·-

459 3187 530 3258 rlrm
553 3188 596 3260 eb
615 3181 804 3260 Hurltinuo
822 3185 865 3264 ll
892 3181 931 3256 in
951 3181 1090 3260 Bolilica
1109 3185 1141 3258 S.
1159 3183 1254 3258 Petri
1273 3184 1459 3261 condimm
1476 3187 1597 3280 frrilie,
1622 3189 1788 3269 existimo
1810 3222 1898 3272 om-

456 3284 548 3362 nino
564 3285 657 3360 nune
673 3281 937 3360 translationem
956 3282 1116 3384 sequenti
1134 3311 1231 3360 anuo
1249 3305 1334 3382 rr72.
1353 3287 1513 3363 accidille
1531 3315 1629 3368 nona
1643 3293 1791 3386 Martii,
1821 3321 1898 3396 qua

355 3435 370 3452 .
458 3383 658 3460 hodierlum
685 3381 869 3484 utriusque
901 3383 1125 3460 felliriruterrt
1161 3388 1409 3476 celebmmtu3
1452 3415 1534 3464 nom
1561 3393 1689 3468 lr'esere
1722 3395 1896 3496 alioquin

458 3481 647 3584 permulti:
670 3481 735 3560 'cur
754 3487 786 3560 S.
805 3481 937 3586 cyrilli
965 3485 1132 3560 festivitas
1154 3513 1229 3560 non
1252 3491 1455 3564 celebretur
1471 3493 1570 3568 Xlll.
1588 3495 1770 3571 Kalendu
1783 3499 1898 3573 Mar-

458 3583 521 3674 tii,
547 3609 623 3684 quo
638 3609 719 3660 eum
737 3606 890 3686 uterque
906 3584 986 3660 vitu
1004 3585 1155 3701 scriptor
1174 3586 1218 3660 ad
1235 3589 1381 3688 superos
1398 3593 1553 3666 avolatio
1571 3619 1756 3673 otemomt.
1806 3603 1895 3678 Nec

456 3709 548 3762 tero
578 3681 629 3761 cia
658 3685 837 3761 edl'etetut
864 3685 1017 3764 historie
1027 3741 1039 3778 ,
1065 3693 1089 3761 lr
1109 3714 1220 3786 usque
1237 3689 1282 3766 ad
1300 3691 1385 3764 illud
1403 3717 1543 3776 tempus
1560 3694 1737 3793 sequentis
1754 3699 1847 3776 unm
1858 3703 1902 3779 S.

455 3787 692 3864 methodum
714 3790 835 3862 Rome
855 3813 1143 3878 commoratum,
1170 3791 1314 3890 eiusque
1333 3785 1551 3868 translationi
1572 3794 1766 3876 inrerfiuffe
1785 3799 1904 3880 dixe·-

452 3887 561 3962 ree-e
581 3891 625 3962 23
643 3894 661 3956 l
677 3893 719 3964 ll.
738 3885 816 3962 ldus
832 3888 969 3966 Martii.
1030 3895 1146 3963 Porro
1164 3893 1195 3965 S·
1217 3890 1363 3992 serillo
1383 3891 1495 3970 stetim
1513 3894 1597 3995 post
1613 3925 1770 3975 mortem
1786 3899 1902 3980 dela-

452 4009 531 4061 tam
550 4017 570 4062 e
595 3993 693 4079 ²2:
709 4013 865 4088 eumque
885 3989 1059 4065 terriculis
1075 3994 1205 4066 clarum
1223 3993 1324 4068 fuille
1340 3995 1483 4070 tellamr
1496 3996 1599 4098 prior
1619 4001 1699 4076 rite
1718 4001 1907 4105 scriptur.

451 4091 496 4161 lo
518 4113 639 4160 euos-
657 4119 746 4168 reto
760 4093 904 4166 Bellica
922 4094 954 4166 S.
974 4092 1172 4166 flemerrtis
1191 4091 1313 4194 polleo
1338 4123 1471 4192 corpus
1492 4115 1524 4173 8.
1547 4099 1730 4176 Methudii
1754 4131 1906 4184 recon-

450 4191 564 4266 &esur
580 4191 680 4269 r'..;.l‘e
699 4191 868 4294 perhibet
886 4191 1086 4270 carduelis
1104 4195 1275 4273 Batonius
1292 4195 1331 4274 in
1344 4201 1655 4277 Amor-itionibus
1671 4205 1717 4281 ed
1735 4209 1907 4313 Marty-

1755 4330 1829 4382 ro·
