3896 5046
379 410 381 414 ,
445 339 521 421 rra
866 307 872 338 '
1016 317 1188 399 aanor
1222 331 1310 418 874

325 537 334 547 .
443 503 509 557 nro
526 493 680 553 numero
687 525 700 565 ,
723 473 762 548 dt
777 461 1033 588 magnitudine
1051 492 1227 572 nusquam
1252 467 1405 568 antchac
1423 464 1496 548 uisa
1525 453 1749 564 inserebant,
1775 493 1884 574 quum

444 607 529 660 curn
558 573 713 654 scribant
737 573 782 649 ab
808 591 952 660 orreotc
978 570 1124 664 venisse,
1153 573 1281 675 procul
1303 570 1417 648 dubio
1444 567 1550 648 etiam
1568 572 1776 650 Morauiam
1795 581 1884 660 Boe.

445 681 629 779 nritnrque
654 676 722 753 hac
749 673 946 751 calamitate
968 673 1200 752 inundabant.
1279 672 1449 776 Rhegino
1466 671 1647 756 scribitex
1670 700 1792 754 earum
1823 711 1889 789 pu.

445 781 589 862 credine
606 772 772 878 sequenti
790 799 888 854 anno
908 799 1120 880 corruptum
1135 771 1243 852 fuisse.
1255 799 1395 869 aerem,
1425 777 1592 877 luemque
1607 801 1761 857 enatam.

196 955 216 1010 ··
443 961 1878 1062 ÷÷÷÷÷a÷÷÷÷÷÷÷a÷÷÷÷0÷÷÷÷÷÷÷÷÷÷a÷÷÷÷÷

324 1101 327 1106 “
869 1114 1465 1282 ΑΝΝΗὸὃη

220 1347 355 1484 m
370 1395 441 1456 μη
610 1369 755 1444 eteros
776 1349 888 1441 inter
908 1345 1172 1463 conjuratos,
1210 1339 1459 1463 quibusc'um
1483 1347 1527 1438 in
1549 1371 1674 1466 caput
1698 1347 1890 1448 Hortivi-

238 1493 307 1636 “fila
335 1506 372 1568 tr
454 1349 610 1710 C
644 1492 681 1582 ti
695 1487 952 1605 conspiravit
969 1483 1225 1598 Mstibogius
1252 1475 1308 1573 (δ)
1344 1491 1539 1608 princeps
1560 1511 1650 1582 erat
1670 1491 1889 1592 Krosmie-

238 1597 279 1662 Ψ
316 1591 366 1636 m
647 1631 714 1722 lus
733 1623 1058 1742 erl'ovecius,
1096 1647 1224 1720 vetus
1245 1643 1377 1746 atque
1393 1629 1666 1724 hereditarius
1689 1632 1890 1734 Libuffia·

408 1761 420 1768 ⁸
443 1802 514 1867 nae
532 1773 662 1892 stirpis
683 1772 821 1862 hostis.
895 1764 967 1861 Ex
988 1769 1106 1883 hujus
1124 1767 1305 1860 hominis
1324 1769 1494 1860 consilio
1516 1757 1608 1892 (cui
1626 1775 1690 1865 his
1709 1775 1888 1876 fratrum

448 1913 732 2008 collisionibus
767 1909 871 2000 nihil
902 1911 1095 1999 accidere
1131 1917 1272 2030 potuit
1301 1937 1440 2029 neque
1462 1911 1712 2042 jucundius,
1746 1947 1890 2042 neque

316 2065 318 2070 '
447 2059 493 2146 in
514 2079 605 2144 rem
640 2035 919 2175 praesentius),
934 2045 1190 2164 Mllibogius
1211 2047 1437 2142 Wltaram
1473 2053 1584 2143 inter
1616 2061 1660 2150 dc
1682 2056 1888 2157 Sazavam

443 2194 736 2316 praedatricem
775 2219 913 2282 arcem
945 2187 1211 2282 Mstibinium
1240 2175 1288 2276 (l)
1339 2193 1433 2282 altis
1464 2195 1636 2310 rupibus
1670 2199 1887 2323 imposuit,
1919 2275 1926 2282 .

446 2357 573 2455 atque
607 2333 777 2426 indead
812 2331 1073 2422 divexandos
1101 2361 1180 2448 qua
1206 2329 1335 2446 ferro,
1368 2362 1446 2451 qua
1470 2331 1635 2426 flamma
1656 2333 1888 2457 Prageuses

447 2505 569 2592 agros
594 2501 721 2568 omne
744 2473 920 2570 studium
944 2474 1297 2562 accommodavit.
1369 2470 1439 2564 At
1461 2476 1645 2570 celeri&
1660 2486 1889 2578 tumultua-

444 2621 510 2710 rio
548 2645 635 2707 non
666 2618 799 2730 magis
818 2733 820 2738 Ι
839 2613 985 2732 operi,
1031 2640 1156 2732 quarn
1191 2614 1362 2702 confilio
1395 2612 1577 2734 diffisus,
1627 2624 1888 2744 castrumque

446 2785 609 2848 annona
646 2757 835 2857 laborare
873 2751 1206 2872 persentiscens,
1263 2757 1491 2846 adventare
1532 2763 1744 2853 mirritanti
1786 2795 1889 2861 cum

400 2911 405 2920 ’
448 2897 644 2992 exercitu
670 2897 888 2988 Hostivito
909 2891 1083 2986 feciales
1100 2897 1270 2986 obviam
1295 2895 1404 2988 milit
1417 2897 1471 2988 de
1490 2925 1595 3014 pace
1616 2903 1887 3006 tractaturos,

599 3031 693 3131 Vix
724 3037 995 3128 malefidum
1028 3017 1110 3128 hoc
1150 3033 1293 3128 fredus
1317 3037 1500 3152 coaluit,
1532 3035 1635 3132 'cum
1656 3021 1895 3144 Miloslava

135 3251 137 3256 ,
217 3177 423 3334 saiwis
448 3181 566 3274 felici
585 3201 705 3297 partu
724 3197 944 3299 parentem
962 3173 1070 3268 fecit
1091 3175 1354 3269 Hostivitum
1376 3179 1507 3294 prolis
1532 3161 1739 3304 mascula,
1761 3219 1890 3308 quam

69 3401 72 3407 .
210 3293 291 3442 {id
364 3287 711 3414 ‘'⁰⁰'festiviffimis
747 3321 925 3440 repotiis
955 3319 1096 3410 triduo
1130 3317 1346 3440 productis
1365 3315 1670 3440 Borzivogium
1710 3331 1892 3450 appella·

446 3465 527 3555 vit.
555 3447 600 3545 l‘)
1464 3508 1472 3519 ·
1549 3455 1552 3463 ⁵

452 3645 459 3654 ·
597 3603 705 3691 Cum
724 3627 841 3689 novo
851 3589 1049 3716 Principe
1067 3627 1178 3690 nova
1202 3601 1322 3716 genti
1336 3597 1518 3695 felicitas
1541 3607 1727 3724 obtigit:
1751 3603 1896 3705 Trae-

449 3739 687 3836 bulsrreuses
709 3739 863 3831 sodinae
886 3759 1060 3854 argento
1085 3735 1308 3834 soecundae.
1392 3739 1585 3864 Primus,
1610 3753 1776 3867 quiens
1801 3753 1895 3848 for-

409 3933 413 3946 «
447 3906 569 3978 tonas
605 3883 762 3974 indicio
794 3883 1085 3972 extuberantis
1119 3880 1328 3995 argenteae
1360 3881 1522 4004 frondis
1558 3891 1757 4010 detexit,
1803 3893 1898 3989 suit

218 4033 325 4138 rauna
344 4025 619 4119 erruPrzibit
644 4013 707 4109 (a)
766 4025 819 4114 de
850 4051 959 4140 pago
988 4019 1187 4140 Dulsnik,
1236 4025 1273 4116 is
1306 4053 1403 4116 cunr
1439 4029 1635 4125 omnibus
1655 4029 1899 4132 ‘clientelis

217 4134 397 4284 illisis?
448 4167 529 4262 suis
551 4196 606 4260 eo
630 4185 755 4258 terrae
778 4161 939 4256 viscera
959 4165 1133 4260 rimatus
1158 4193 1311 4282 magno
1329 4171 1455 4295 paulo
1485 4175 1577 4296 post
1613 4178 1778 4291 argenti
1821 4181 1904 4276 de-

1736 4315 1824 4414 soe·

214 1511 236 1571 d

214 1593 376 1674 ΡΜ]
