3984 5036
400 273 410 280 ⁶
528 333 581 404 ao
1097 283 1272 392 nunus
1301 319 1390 410 856.

288 554 291 568 ,
435 515 440 532 ·
523 462 705 569 Equestris
727 461 864 545 ordinis
890 457 1025 542 funilia
1047 459 1095 540 de
1114 467 1263 556 Purattu,
1290 463 1329 538 dr
1346 464 1527 561 rnnusty
1549 455 1665 572 didas
1690 481 1782 574 eone
1809 483 1905 540 vero
1920 463 1964 544 tlt

523 569 601 648 hoc
619 565 733 647 castro
739 623 754 680 ,
779 591 824 644 an
842 565 914 646 alio
942 563 1056 645 hodie
1079 560 1264 672 superstite
1288 585 1427 648 nomen
1450 561 1650 654 invenem,
1674 561 1769 640 nihil
1792 561 1974 648 hortensis.

524 670 750 774 exploratum
766 669 900 749 habeo.

655 871 713 972 (i)
738 869 866 949 Hodie
885 865 1067 974 oppidum
1084 865 1135 946 est
1157 864 1195 944 in
1209 860 1378 966 Regione
1396 857 1636 946 Rakonicenii
1653 801 1732 945 tino
1751 889 1849 970 pene
1865 862 1960 968 lapi·

243 1023 249 1030 -
522 967 569 1049 de
586 970 691 1050 Sinna
707 968 856 1068 distans,
880 977 918 1049 dc
930 968 1059 1052 veteris
1077 964 1166 1047 arcis
1180 965 1349 1048 strudurt
1373 963 1550 1078 inclytum
1575 965 1622 1046 ud
1640 965 1832 1048 Comitum
1850 969 1960 1052 liin&

267 1104 271 1114 ’
402 1170 405 1188 ¹
522 1076 680 1178 kyoruns
700 1069 856 1154 ditiones
873 1071 1071 1178 pertinens.

517 1255 520 1265 ’
657 1275 707 1376 (ι)
735 1269 854 1350 Nimis
871 1295 1008 1352 atroces
1021 1269 1084 1350 hic
1100 1264 1285 1376 Hagecius
1306 1261 1410 1370 genti
1434 1261 1562 1346 nostra
1586 1265 1722 1352 affinxit
1746 1295 1888 1364 morer,
1914 1271 1958 1350 de

523 1372 652 1473 quibus
669 1371 765 1474 apud
780 1371 990 1450 vetustiores
1010 1369 1172 1474 nuspiam
1190 1365 1379 1446 memoria.
1431 1367 1596 1446 Maxime
1615 1369 1773 1446 barbaris
1791 1373 1956 1476 gentibus

524 1472 749 1576 legationum
766 1470 842 1568 juta
860 1471 972 1550 irride
990 1467 1237 1570 inviolateque
1256 1469 1350 1544 culta
1365 1466 1486 1560 fuere,
1510 1495 1552 1548 ae
1569 1469 1792 1572 quandoque
1813 1474 1958 1554 nonnisi

526 1570 738 1678 graviffimis
756 1570 802 1650 de
817 1573 924 1650 caulis
945 1569 1104 1650 infraue.
1180 1573 1232 1646 At
1248 1591 1375 1682 praeter
1390 1591 1469 1643 rem
1485 1571 1695 1672 cansamque
1711 1569 1815 1650 aliam
1833 1576 1957 1680 legatis

527 1671 642 1749 visunt
667 1671 844 1777 eripere,
890 1671 992 1773 quod
1015 1665 1207 1848 repationis
1232 1693 1329 1746 vices
1353 1665 1391 1746 in
1416 1669 1573 1772 negorio
1604 1671 1835 1750 concilianda
1861 1679 1957 1778 pacis

526 1771 691 1868 subeant,
720 1772 823 1852 omni
849 1771 1012 1851 borborie
1055 1799 1088 1850 oe

525 1873 768 1978 posteriorum
793 1876 1000 1954 saeculorum
1023 1869 1265 1975 scriptoribus
1290 1869 1518 1974 depingitur,
1546 1873 1737 1978 legationis
1765 1899 1886 1956 tamen
1912 1879 1959 1960 ad

525 1977 560 2054 se
583 1976 690 2054 mirra
715 1976 908 2054 maximam
932 1973 1204 2054 venerationem
1220 1971 1379 2050 habuille
1396 1971 1605 2068 adstruitur,
1628 1979 1884 2070 namletatum
1903 1979 1955 2059 Bi·

525 2077 636 2182 gilam
655 2073 732 2153 vim
746 2079 810 2154 suae
824 2073 1072 2168 insidiantem,
1097 2096 1205 2250 atque
1222 2073 1267 2152 de
1283 2073 1358 2152 hoc
1372 2073 1455 2150 ausu
1472 2073 1680 2154 c'onvirlum
1698 2079 1748 2154 ob
1760 2065 1955 2186 legationis

525 2176 765 2255 reverentiam
789 2176 952 2283 graviori
982 2199 1130 2280 poenaa
1157 2175 1263 2252 ficere
1280 2175 1384 2253 cavit.
1460 2175 1670 2256 Universam
1689 2177 1837 2279 quidem
1856 2183 1956 2280 hujus

525 2279 610 2356 anni
628 2277 873 2356 narrationem
892 2277 1133 2382 posteriorum
1157 2301 1389 2379 quorumque
1406 2276 1613 2356 nostrorum
1631 2305 1883 2360 commentum
1907 2286 1956 2362 es-

525 2371 580 2473 se,
604 2381 663 2458 vel
682 2377 718 2468 id
739 2378 885 2484 prodit,
914 2378 1015 2480 quod
1031 2379 1167 2456 tursum
1182 2404 1230 2458 ne
1247 2378 1386 2456 mentio
1403 2379 1551 2493 quidem
1578 2380 1638 2456 fiat
1664 2379 1749 2459 belli
1770 2384 1963 2482 Ludovici

523 2479 688 2560 aduersus
702 2505 858 2601 gentem
881 2479 1040 2558 nostram
1057 2477 1148 2586 gesti
1158 2507 1170 2576 ;
1197 2503 1295 2559 certe
1311 2509 1385 2586 prae
1414 2479 1481 2558 illis
1497 2477 1674 2571 intestinis
1691 2479 1835 2563 dissidiis
1853 2513 1955 2568 com-

523 2605 789 2664 memoratione
809 2579 925 2688 magis
941 2579 1058 2690 digni.
1084 2643 1087 2650 a
1110 2583 1170 2660 De
1193 2608 1269 2684 quo
1283 2582 1373 2682 iarn:

875 2831 878 2838 -
986 2783 1465 2888 kanffivunurssn
1589 2818 1602 2858 .¹

1090 1768 1168 1848 dius
1192 1770 1347 1848 efflatum
1374 1766 1436 1848 est.
1510 1771 1623 1850 Attila
1646 1797 1687 1850 ut
1709 1798 1747 1850 ut
1771 1775 1954 1859 efferoxt

490 2989 494 2998 “
522 2980 737 3168 Advertit
763 2983 970 3067 Ludovicus
1002 3009 1156 3092 operatu
1190 2979 1226 3059 se
1265 2982 1416 3089 perdere
1446 2980 1486 3064 in
1514 2981 1753 3090 reprimendis
1778 2985 1962 3083 Mortuis.

627 3085 692 3163 nis1
709 3085 805 3192 prius
824 3089 1002 3184 Hormos,
1030 3084 1093 3190 qui
1110 3103 1138 3164 ε’
1155 3085 1264 3166 latere
1290 3109 1470 3188 tergoque
1494 3085 1601 3166 etiam
1629 3088 1762 3168 vidrori
1789 3087 1965 3184 insistere,

522 3186 782 3291 videtiamque
803 3189 940 3269 foedare
965 3218 1005 3270 ac
1022 3213 1257 3290 corrumpere
1272 3209 1452 3292 poterant,
1471 3187 1646 3268 domaret.
1726 3191 1871 3270 Contra
1895 3191 1964 3268 hos

290 3291 493 3364 Anaaifran
523 3285 533 3364 i
565 3287 634 3370 itur
649 3293 721 3370 hoc
739 3317 838 3372 anno
852 3292 1025 3372 adornata
1041 3287 1241 3394 expeditio.
1320 3293 1413 3366 Rem
1430 3289 1550 3367 verbis
1567 3290 1621 3368 his
1637 3315 1779 3372 narrant
1798 3293 1966 3372 Annales

291 3377 507 3456 “fuldam
554 3391 862 3469 tancofuldenses:
888 3395 991 3493 Mens&
1008 3395 1133 3493 Augusto
1149 3393 1341 3468 Hirrdonrrus
1359 3399 1428 3468 Rex
1453 3393 1569 3467 cedern
1591 3407 1727 3471 exercitu
1743 3416 1804 3497 per
1828 3397 1971 3469 Seruios

525 3499 589 3563 t'rrr
600 3496 739 3594 struens,
765 3491 960 3596 Ducibusque
980 3519 1084 3569 eorum
1092 3491 1150 3588 fiiri
1174 3491 1362 3592 conjunl‘it's,
1388 3498 1553 3570 Dalmatas
1562 3503 1669 3594 prelio
1677 3500 1825 3598 superui,
1852 3517 1972 3598 ncrep-

524 3599 626 3694 risque
644 3589 790 3690 obsidius
813 3591 995 3668 tributarios
1008 3597 1100 3698 facit.
1166 3595 1244 3671 Inde
1252 3612 1315 3695 ptr
1327 3601 1497 3670 Romaanus
1511 3599 1662 3695 trartssms
1677 3599 1837 3675 nonnrrdos
1855 3627 1903 3672 ex
1919 3628 1975 3672 ro·

523 3717 598 3767 rum
620 3691 756 3768 Ducibus
773 3704 808 3770 in
828 3693 1016 3790 deditionem
1032 3700 1156 3792 accepit.
1214 3701 1252 3772 irs
1265 3723 1329 3799 qua
1347 3699 1540 3798 expeditione
1550 3709 1713 3798 perierunt
1728 3709 1862 3776 Comites
1882 3708 1981 3778 uar-

521 3793 563 3908 do
582 3790 626 3870 ὅ
639 3799 805 3903 Erpscum
823 3798 897 3870 aliis
911 3801 1177 3904 quamplurimis.
1230 3793 1324 3876 Guae
1345 3795 1414 3894 jum
1428 3793 1600 3881 nonnihil
1616 3800 1754 3880 rursum
1771 3801 1981 3881 enucleare

522 3915 630 3994 μγετ.

655 4095 684 4173 1.
711 4095 838 4174 Sorabi
865 4097 1034 4177 haetenus
1059 4092 1203 4174 Boanns
1237 4094 1404 4178 foederati
1424 4074 1528 4181 'anno
1554 4099 1632 4184 hoc
1663 4127 1711 4182 ex
1738 4123 1828 4179 mox
1854 4100 1981 4190 aliato

525 4192 879 4281 vrancouldenuum
895 4197 1089 4278 unaarum
1115 4199 1201 4280 loco
1217 4197 1403 4282 vinetvlum
1420 4205 1495 4284 hoc
1511 4203 1691 4310 abrupiffe
1708 4199 1981 4304 conjiciuntur¹

472 4331 482 4344 ·
835 4351 838 4359 ,
1830 4327 1935 4386 oum
