4094 5040
513 325 589 402 49⁴
700 301 719 418 J
1019 299 1021 314 '
1084 269 1375 400 Aaronem.
1440 297 1451 316 '

288 469 505 557 Hoffmann.
523 433 647 556 genii,
674 443 853 526 filentlbur
870 441 944 523 aliis
961 443 1150 544 omnibus,
1177 449 1284 528 refert
1299 445 1510 532 Ηεῃίῑκῐιιεοὗ
1557 452 1647 529 Non
1667 441 1968 566 enirnlegnntm

270 543 692 651 sitnmnmlllungari
718 547 967 650 expeditiones
995 549 1069 624 suas
1097 549 1345 642 teassurnsrlle,
1389 579 1494 651 quam
1524 579 1604 628 curn
1633 557 1801 634 uiderent
1830 565 1966 646 Slaror

523 649 819 755 septentrionales
840 647 990 724 nimium
1010 650 1054 730 ub
1072 652 1235 728 Henrico
1262 649 1397 753 premi,
1423 653 1630 750 quibuscum
1643 682 1695 731 nc
1709 683 1772 757 par
1794 662 1969 762 aliquan.

521 753 571 834 do
591 753 700 830 fatum
718 748 985 852 experirentur,
1011 751 1068 829 seu
1093 754 1207 844 ultro,
1233 751 1291 827 seu
1316 753 1364 826 tb'
1381 751 1599 830 illis-invitati
1619 755 1741 854 pollen
1761 786 1859 838 eme
1880 770 1966 866 plu-

514 855 612 932 ribus
636 849 738 928 annis
761 851 964 925 continuata
983 847 1019 926 in
1036 845 1235 946 He'nricnm
1255 851 1485 953 expedivere.
1570 857 1670 932 Hinc
1687 857 1792 936 etiarn
1809 867 1964 944 arberti

512 953 687 1032 Stadenfis
706 953 812 1027 reluta
831 949 992 1027 adhunc
1011 975 1143 1026 annum
1163 947 1378 1053 posteriores
1395 953 1551 1057 speoltrrt
1569 979 1694 1034 annos.

514 1087 1952 1238 «neueunuedrmectoeoewmroeuotmemeeoeoomoe

938 1280 1315 1390 ANNUS
1388 1306 1571 1420 922„

673 1443 899 1555 onfirmatir
940 1468 1129 1556 nonnihil
1162 1459 1206 1556 itr
1241 1462 1486 1586 Principatu
1516 1469 1644 1560 rebus
1679 1481 1844 1564 memor
1873 1479 1948 1567 alia

513 1455 668 1821 C
704 1605 866 1721 quando
886 1623 1033 1695 eorum
1057 1605 1357 1720 Wonceslaus,
1396 1635 1486 1722 quae
1509 1605 1735 1726 Ludmilla,
1758 1615 1855 1702 dum
1882 1619 1950 1706 vi-

683 1764 852 1858 ¹vetet,
888 1745 1004 1836 recle
1038 1742 1258 1872 liniteque
1292 1743 1674 1864 egiffet‚‚quaeque
1691 1751 1763 1838 'lui
1786 1755 1957 1852 institua

511 1881 631 1972 tione
661 1882 761 1969 olim
795 1884 945 1970 merita
981 1875 1148 1995 fuiffet',
1183 1885 1292 1971 inito
1321 1913 1418 1973 cunr
1450 1881 1728 1974 sacerdotibus
1762 1895 1942 1981 confilio

512 2033 664 2107 votum
698 2019 1047 2133 voluntatemque
1083 2017 1195 2108 suam
1232 2019 1490 2112 fidelioribus
1523 2024 1676 2138 aperuit
1721 2021 1775 2111 de
1814 2027 1937 2117 illius

407 2185 410 2192 ·
514 2153 720 2244 elevando
751 2149 955 2272 corpore,
993 2157 1036 2246 oc
1066 2183 1178 2274 pone
1210 2181 1370 2274 patrem
1402 2157 1519 2257 suurn
1540 2157 1813 2250 Wratislaun
1830 2156 1932 2252 Pru·

284 2293 577 2408 ”mle-gae
597 2293 855 2414 tumulando.
947 2293 1085 2396 Quam
1111 2325 1206 2388 cunr
1232 2299 1292 2388 illi
1313 2301 1561 2416 probarent,
1596 2297 1699 2390 milli
1717 2303 1943 2418 extemplo

279 2387 668 2534 {iiiiiiiimdeletti
701 2435 941 2550 complures
967 2464 1024 2528 ert
1051 2438 1312 2530 Clericorum
1341 2439 1628 2556 laicorumque
1649 2441 1797 2528 ordine
1816 2436 1945 2530 Teti-

281 2553 652 2701 walamunt,
688 2603 851 2691 unaque
872 2573 1019 2666 duetus
1038 2577 1282 2694 Capelianus
1301 2577 1468 2668 vetulus
1495 2575 1674 2691 Paulus,
1709 2597 1758 2667 ut
1779 2577 1940 2696 locum,

511 2733 595 2832 quo
614 2709 869 2802 Ludm'illam
887 2713 1160 2829 condidisset,
1189 2711 1443 2828 indigitaret.
1470 2703 1525 2802 (Δ)
1578 2715 1687 2828 1]ὺὶ
1710 2714 1942 2808 adsacrum

510 2851 718 2942 tumulum
747 2873 924 2944 ventum
958 2874 1072 2965 erat,
1106 2857 1327 2972 egestaque
1359 2863 1485 2943 humo
1516 2857 1647 2969 putris
1671 2858 1714 2948 lc
1735 2858 1845 2946 male
1867 2886 1941 2946 co·

508 2996 671 3078 haetens
693 2989 830 3078 tabula
853 3019 964 3080 urnae
985 2991 1028 3080 in
1051 2991 1274 3109 conl'peolu
1294 2991 1402 3106 suit,
1428 2997 1573 3108 ¹nullus
1596 3015 1711 3106 erat,
1752 2997 1823 3111 qui
1847 3023 1933 3084 non

510 3123 710 3243 sentiret,
749 3115 1033 3248 diceretquea'
1066 3197 1095 3248 „
1120 3127 1167 3220 Si
1189 3125 1347 3245 lignum
1378 3133 1436 3222 ita
1457 3135 1639 3249 putruit,
1678 3155 1833 3249 quanto
1852 3159 1942 3224 rna-

460 3301 463 3311 *
509 3325 540 3382 „
558 3267 622 3379 gis
657 3295 807 3382 corpus
838 3267 971 3385 ipsum
1002 3269 1046 3358 in
1074 3275 1337 3386 putredinem
1374 3274 1654 3390 pulveresque
1686 3273 1866 3376 abierit?
1904 3344 1935 3390 „

510 3395 572 3497 Et
589 3407 674 3520 jam
692 3435 819 3524 porro
837 3407 1130 3525 sarcophagum
1154 3412 1293 3500 rimari
1315 3409 1420 3500 haud
1441 3399 1600 3500 animus
1624 3415 1725 3502 etat.
1805 3409 1934 3506 Unus

507 3527 661 3636 Paulus
700 3541 947 3639 cellentibus
989 3550 1144 3638 ceteris
1185 3552 1358 3664 restitit,
1402 3551 1537 3666 licque
1570 3553 1816 3670 prolocutus
1852 3555 1936 3643 est:
1989 3562 1992 3568 “

508 3680 783 3802 „Persequar
805 3715 932 3803 opus,
970 3709 1096 3805 atque
1120 3687 1148 3777 fi
1170 3691 1241 3777 vel
1261 3691 1478 3805 pulverem
1502 3689 1710 3780 consumti
1737 3694 1933 3805 corporis

507 3887 537 3939 „
557 3826 782 3942 reperero,
817 3827 1004 3919 deferam
1023 3829 1073 3926 ad
1094 3822 1358 3944 Principem,
1395 3847 1443 3920 ut
1472 3829 1654 3945 piillimae
1673 3827 1761 3941 ejus
1782 3833 1936 3921 volun·

280 3969 535 4080 utmorem„
552 3967 631 4057 tati
649 3959 830 4058 satisfiat.
858 4037 886 4082 „
913 3958 963 4058 (l)
1074 3965 1209 4080 Igitur
1234 3949 1371 4058 amota
1400 3971 1547 4083 gleba,
1583 3997 1674 4088 quae
1704 3969 1745 4055 in
1768 3966 1925 4057 lacrum
2025 4001 2026 4016 ¹

273 4075 478 4229 ww
506 4133 658 4226 corpus
691 4105 918 4224 inciderat,
954 4107 1177 4202 inveniunt
1205 4109 1307 4202 illuri
1337 4109 1550 4221 integrum
1583 4113 1635 4201 ab
1654 4108 1773 4198 ornni
1792 4098 1929 4222 putre-

1646 4237 1853 4348 une
