3984 5036
595 314 617 374 a
687 277 693 298 '
1127 296 1300 376 Annus
1328 301 1415 380 860.

562 313 1949 570 :mmmmmccomoomammmm

984 596 1033 702 Α
1065 595 1119 703 Ν
1151 592 1205 704 N
1241 591 1290 746 U
1325 589 1359 698 S
1434 593 1560 710 860.

561 759 901 1117 I-Ioralrt
861 755 944 854 (4)
958 766 1125 884 quidam
1152 792 1209 854 ex
1243 789 1351 880 pago
1378 757 1572 853 Dubinlra
1596 747 1646 848 (l)
1680 763 1854 876 ingentis
1885 765 1951 856 aui·

741 925 743 930 ·
776 907 836 994 mi
858 904 946 1020 vir,
985 931 1150 1008 memor
1176 901 1412 1016 injuriarum
1435 897 1648 1016 superiore
1672 929 1780 992 anno
1798 900 1950 994 Nellaui

776 1043 999 1134 clientibus
1029 1045 1327 1134 intentatorum
1361 1070 1385 1128 a
1415 1035 1539 1130 Duce
1566 1037 1820 1155 Kurimeusr,
1862 1045 1952 1159 apud

407 1203 416 1288 g
559 1177 604 1271 se
628 1184 839 1274 constituit
862 1207 960 1274 eum
980 1181 1053 1274 seu
1080 1181 1343 1293 interlicere,
1381 1175 1479 1290 seu,
1516 1179 1545 1266 fi
1570 1175 1737 1268 fortuna
1757 1179 1951 1292 benignior

562 1315 774 1434 arrisisset,
807 1323 955 1415 vivunr
978 1323 1263 1436 intercipere,
1300 1318 1469 1407 consilio
1497 1315 1629 1437 prima
1649 1317 1815 1433 quidem
1830 1316 1949 1434 specie

431 1525 434 1532 ,
562 1459 813 1572 temerario,
860 1479 1079 1573 ceterum,
1123 1477 1172 1548 ut
1198 1475 1377 1548 eventus
1411 1455 1581 1568 docuit,
1626 1473 1720 1544 tum
1747 1455 1951 1548 necessario

562 1622 611 1682 ac
629 1597 930 1713 propemodum
949 1597 1179 1688 fortunato.
1248 1595 1497 1710 capiebatur
1516 1591 1691 1684 mirifice
1715 1598 1952 1710 equestribus

207 1740 213 1747 ’
327 1737 421 1804 '10²0
374 1746 546 1826 'cassum
559 1733 667 1828 ludis
693 1723 748 1821 (4)
781 1733 1046 1850 Krasnilrm,
1067 1736 1203 1862 iisque
1227 1735 1272 1826 se
1296 1752 1401 1850 quot
1423 1731 1603 1824 diebus
1592 1761 1634 1820 1n
1661 1759 1761 1846 agro
1782 1729 1954 1826 suburba

324 1825 615 1999 affluent-110
645 1873 810 1990 aderat,
859 1879 904 1968 ὃς
933 1877 1143 1992 praepilata
1174 1875 1278 1962 hasta
1308 1871 1507 1989 equestris
1540 1896 1687 1986 pugne
1715 1871 1952 1964 simulacrum

559 2013 689 2105 dedit.
796 1945 908 2104 Eum
939 2015 1117 2132 quodam
1148 2012 1217 2102 die
1250 2009 1409 2102 ludicro
1430 2009 1492 2100 illi
1515 2010 1732 2140 certamini
1752 2038 1827 2125 pro
1848 2037 1952 2102 more

557 2151 768 2242 intentum
788 2171 963 2268 repente
987 2179 1045 2243 ex
1064 2151 1217 2242 insidiis
1239 2148 1457 2263 Horalrus,
1493 2135 1590 2239 cum
1611 2149 1865 2240 duodecim
1850 2176 1955 2263 juve

556 2287 680 2382 nibus
710 2293 754 2379 in
789 2286 926 2380 ourne'
950 2289 1171 2381 discrimen
1203 2273 1434 2405 promitis,
1466 2315 1630 2402 magna
1662 2284 1956 2397 vociferatione

549 2455 739 2546 ‘veraque
768 2429 853 2544 jam
885 2455 1021 2544 pugna
1054 2431 1223 2519 adortus
1253 2455 1397 2543 parum
1429 2425 1587 2540 abfuit,
1621 2427 1722 2542 quin
1750 2428 1957 2516 vivumiu

423 2645 425 2652 ,
555 2571 804 2686 potestatem
835 2568 1060 2681 redigeret.
1163 2563 1307 2656 Primo
1334 2561 1535 2656 concursu
1556 2565 1767 2682 equitibus
1789 2565 1891 2656 odio
1912 2569 1958 2655 iu

394 2801 397 2808 ,
556 2703 774 2821 terfedtis,
813 2708 969 2798 ceteris
997 2703 1229 2794 insidiarum
1250 2725 1369 2796 metu
1389 2705 1432 2794 in
1455 2699 1599 2818 fugam
1622 2703 1752 2817 adtis,
1784 2699 1892 2794 Dux
1911 2732 1961 2792 ac·

559 2865 687 2960 cepto
720 2845 764 2934 in
797 2871 921 2934 manu
951 2845 1125 2933 vulnere
1155 2842 1265 2933 inter
1293 2845 1451 2958 primos
1479 2842 1641 2958 pernici
1659 2869 1769 2959 equo
1789 2838 1963 2956 fugiens,

559 3009 671 3096 egre
699 2984 743 3070 in
775 2985 923 3073 urbem
950 2980 1101 3092 evasrt3
1145 3009 1229 3100 quo
1260 2982 1398 3070 minus
1432 2981 1517 3071 alte
1538 2981 1660 3096 'plaga
1683 2978 1967 3092 descenderet,

285 3179 289 3186 ,
394 3183 406 3246 3
556 3123 734 3220 armillas
751 3119 934 3238 ferreas,
972 3149 1072 3237 quas
1091 3121 1245 3212 dextro
1265 3109 1459 3238 levoque
1481 3103 1650 3209 brachio
1673 3122 1865 3234 gerebat,
1909 3123 1970 3211 ob·

256 3265 259 3274 “
555 3258 695 3350 liitille
713 3263 870 3352 dicunt.
942 3261 1298 3362 Concurrentibus
1316 3260 1469 3350 deinde
1492 3259 1543 3347 ad
1563 3285 1674 3348 arma
1696 3259 1865 3350 civibus
1892 3255 1970 3349 Ho

556 3395 677 3484 rullus
705 3399 925 3486 colledtam
953 3407 1172 3490 cohortem
1188 3397 1321 3511 suam,
1356 3397 1518 3487 veritus
1539 3397 1891 3512 multitudinem,
1927 3400 1970 3486 iu

557 3533 770 3628 columem
793 3533 965 3624 reduxit
982 3553 1101 3626 extra
1113 3564 1240 3626 unum
1258 3537 1413 3626 leviter
1433 3533 1630 3628 saucium.
1733 3533 1785 3627 Id
1799 3533 1970 3646 facium

452 3737 456 3744 -
560 3699 685 3790 quarn
706 3670 995 3800 Curinrensem
1021 3675 1225 3790 perculit,
1259 3694 1346 3766 tam
1379 3671 1618 3764 Nelrlanum
1649 3675 1878 3790 voluptate
1920 3704 1970 3765 ex

561 3812 722 3928 plevit,
758 3812 830 3928 qui
853 3807 1069 3904 Horalrum
1089 3841 1186 3902 curu
1212 3811 1294 3902 suis
1317 3814 1540 3903 duodecim
1563 3813 1842 3906 bellatoribus
1872 3815 1970 3904 illio

562 3946 834 4044 Wilsehradii
863 3950 997 4043 adesse
1023 3949 1158 4066 juffit,
1194 3954 1422 4074 multisque
1440 3952 1628 4050 laudibus
1647 3952 1898 4048 cumulatos
1918 3979 1970 4044 au

560 4087 743 4208 pisinus
764 4093 936 4185 donavit
953 4093 1149 4208 premiis.

1763 4223 1942 4330 ,ΑΝ-
