4094 5040
530 327 605 415 304
1046 361 1050 372 ·
1096 303 1262 393 Au'nns
1287 314 1418 409 923?¹
1969 339 1972 344 ·
2012 273 2014 380 i

521 473 702 576 Henrici
722 491 860 568 morte
882 469 1076 588 Regnum
1111 475 1345 592 acciperet,
1376 471 1509 590 prout
1540 465 1761 570 &deinde
1793 477 1972 574 accidit.

522 617 673 734 Itaque
703 639 799 707 cum
832 616 876 702 in
909 621 990 701 boc
1013 609 1231 724 congressu
1247 611 1421 748 Imperii
1444 609 1810 737 Imperatorisque
1838 649 1969 736 nego

523 759 583 849 'tia
614 753 724 874 ipsos
749 773 924 872 quatuor
953 751 998 842 dt
1024 749 1178 864 uiginti
1197 753 1287 841 dies
1309 749 1611 868 discutiuntur,
1647 758 1691 848 sst
1712 759 1862 850 Caesar
1891 779 1960 876 pro

519 917 644 986 more
673 893 863 1012 quotidie
896 917 994 980 cum
1029 885 1291 1006 Principibus
1321 889 1468 982 ordine
1500 891 1573 982 suo
1605 896 1756 986 locatis
1790 897 1961 990 sublimi

522 1031 628 1125 solio
660 1033 823 1124 medius
851 1027 1027 1146 residet,
1063 1025 1243 1141 contigit
1275 1027 1414 1142 sorte,
1450 1048 1499 1120 ut
1530 1035 1708 1146 quodam
1746 1037 1824 1129 die
1859 1035 1958 1129 Dux

521 1165 808 1262 Wenceslaus
832 1155 970 1296 (quod
993 1195 1068 1282 pro
1091 1167 1251 1284 pietate
1274 1165 1342 1258 sua
1363 1163 1568 1260 Eccrefias
1584 1173 1711 1263 nostu
1734 1178 1951 1290 perambn

519 1311 608 1400 lans
639 1309 831 1426 precibus
865 1303 1076 1398 consuetis
1102 1329 1239 1396 moras
1266 1307 1480 1434 longiores
1506 1301 1713 1435 traheret)
1735 1315 1787 1402 ad
1810 1315 1950 1406 come

519 1449 579 1538 tia
604 1449 752 1538 venire
775 1449 956 1538 tardarit⁴
1051 1439 1305 1536 Advenerat
1318 1447 1402 1558 jam
1428 1465 1569 1536 autem
1587 1448 1745 1563 Cesar,
1782 1455 1944 1569 reliqui·

520 1613 604 1704 que
626 1581 843 1703 Principes
877 1587 1019 1700 singuli
1041 1583 1206 1694 singulis
1229 1581 1457 1674 consedere
1480 1588 1674 1701 exedris,
1712 1617 1808 1678 curn
1828 1589 1943 1680 Hem

517 1727 629 1816 ricus
670 1727 1005 1818 anianadvertens
1046 1721 1181 1814 abesse
1208 1721 1421 1814 Bohemias
1451 1719 1649 1837 Ducem,
1680 1721 1940 1846 imperiique

515 1865 689 1976 negotia
720 1859 776 1952 ob
807 1864 896 1974 ejus
924 1861 1148 1952 absentiam
1183 1861 1384 1977 produci,
1420 1858 1602 1952 offensus
1633 1883 1824 1950 camora
1856 1859 1937 1952 sub

515 2023 641 2112 poena
663 2001 957 2111 indignationis
979 1989 1261 2113 imperatorie
1293 1999 1451 2113 edixit,
1486 2001 1627 2114 nequis
1657 1999 1826 2087 tardanti
1841 1995 1928 2084 Bo·
1998 1965 2005 2130 i

515 2138 642 2226 hemo
677 2133 925 2252 assurgeret,
964 2159 1075 2229 neve
1110 2138 1234 2228 ullam
1263 2137 1455 2230 venienti
1486 2137 1653 2296 honoris
1677 2135 1926 2249 significatio·

510 2297 613 2366 nem
644 2277 880 2370 exhiberet
907 2265 971 2363 (A)

660 2412 763 2518 Quo
797 2417 937 2508 edisio
979 2381 1190 2536 proposito
1231 2407 1348 2504 simul
1387 2409 1669 2504 Comitiorum
1708 2408 1885 2504 cause
1875 2444 1931 2504 m·

353 2639 356 2646 .
519 2555 1205 2672 choanmr‚s1mulWenceslaus
1244 2553 1385 2669 palatii
1406 2574 1566 2668 portam
1593 2554 1780 2667 aperiens
1802 2555 1930 2667 ingre

278 2689 658 2806 autmarumdjtur‚
698 2687 1027 2810 consistitque,(
1004 2683 1058 2783 (ι)
1094 2713 1220 2811 quem
1248 2713 1295 2782 ut
1327 2693 1506 2808 primum
1537 2689 1779 2786 observavit
1800 2689 1930 2808 Impe

275 2783 508 2933 {spargis
518 2847 709 2945 perator,
747 2857 882 2946 ocyus
906 2831 1010 2922 solio
1031 2831 1282 2942 consurgens
1312 2827 1481 2920 obviam
1510 2831 1701 2921 venienti
1708 2828 1930 2946 procedit,

512 2967 727 3084 multaque
747 2967 1019 3060 veneratione
1042 2985 1269 3086 exceptum
1288 2969 1337 3058 ad
1360 2961 1616 3084 imperialem
1648 2964 1787 3057 sedem
1808 2970 1928 3062 dedu

339 3116 345 3124 '
509 3108 604 3222 xit,
640 3103 768 3225 seque
788 3104 894 3198 insta
916 3101 1100 3222 locavit,
1125 3095 1191 3200 (s)
1228 3107 1339 3224 quod
1366 3105 1538 3222 Imperii
1561 3104 1822 3222 Principibus
1843 3125 1927 3196 tan
2001 3207 2003 3277 p

510 3265 598 3334 tam
640 3245 809 3336 Caesaris
856 3249 1133 3338 mutationem
1173 3265 1299 3364 atque
1325 3240 1638 3336 inconstantiam
1667 3242 2003 3336 intuentibus

507 3385 770 3474 admirationi
792 3413 898 3474 non
895 3383 1088 3476 essenon
1109 3403 1288 3504 poterat
1397 3381 1465 3475 Eo
1487 3406 1591 3476 uero
1612 3385 1688 3475 situ
1712 3383 1763 3475 ad
1787 3381 1924 3500 vespe

506 3547 596 3612 ram
619 3552 751 3653 usque
773 3518 826 3614 de
844 3518 1013 3615 diversis
1031 3519 1205 3640 Imperii
1224 3523 1350 3614 rebus
1367 3521 1655 3621 deliberatum⁴
1763 3517 1924 3613 Postera

507 3656 604 3753 luce
625 3656 987 3778 dum-Principes,
1022 3655 1086 3752 uti
1114 3663 1272 3778 pridie,
1309 3665 1355 3751 in
1378 3661 1568 3752 Comitio
1585 3658 1836 3779 ¹frequentes
1859 3661 1922 3752 ad·
2002 3654 2005 3711 s

505 3795 627 3914 sunt,
663 3795 901 3919 iterumque
923 3801 1136 3922 praesentia
1158 3799 1411 3894 Wenceslai
1445 3799 1720 3915 desideratur,
1753 3825 1921 3916 percon-
2000 3844 2004 3923 p

506 3953 647 4031 tantur
670 3962 727 4030 ex
763 3939 923 4033 (lesere
935 3943 1256 4060 ,quamobrem
1291 3943 1381 4032 heri
1412 3957 1559 4030 contra
1590 3937 1715 4076 suum
1745 3926 2002 4052 gravisi-
2002 4046 2003 4051 Ν

503 4095 623 4172 anum
649 4079 833 4254 edidtum
853 4081 940 4204 ipse
959 4079 1168 4180 summum
1200 4079 1491 4259 insuetumque
1510 4086 1714 4176 honorem
1730 4075 1912 4309 Bodhgmo
