3984 5036
633 314 850 398 Nextnttr
876 335 910 412 ς,
1430 343 1485 422 23-

52 459 279 552 sutriensis
297 465 1021 564 taceantdnnalesFrancosuldenses,imo
1042 490 1119 548 non
1138 487 1345 584 praetereant
1357 471 1485 554 Comi·
1514 486 1516 490 ’

5 597 6 604 ¹
53 595 106 652 tes
122 576 303 653 ltardomm
318 581 355 652 dt
371 577 457 678 Erps
467 597 545 652 cum
564 568 638 647 aliis
658 593 765 682 quun
785 567 948 674 plurimis
977 567 1120 678 periisse
1139 596 1176 652 tn
1195 571 1262 656 hac
1277 572 1484 680 expeditio.
1536 646 1541 652 ,

54 698 124 762 ne,
147 674 280 752 metito
296 672 458 777 suspicari
474 672 556 752 licet
571 669 681 776 prelii
699 678 737 748 δι
755 669 840 750 belli
860 670 961 768 hujus
976 669 1111 750 exitum
1131 671 1227 748 haud
1247 671 1354 773 secus,
1374 698 1484 782 quant

56 797 153 852 anno
183 774 364 878 superiore
385 795 443 852 aut
463 770 678 860 infeliciter,
701 773 765 847 'aut
783 793 879 849 certe
898 771 1072 851 nonsatis
1091 772 1244 864 secunde
1259 774 1401 852 Francis
1421 799 1481 854 co-

56 871 198 972 oidilse3
222 875 409 978 presertim
423 901 505 954 curu
522 898 622 952 anno
642 896 732 949 mox
750 869 956 974 insequente
970 875 1103 953 bellum
1119 872 1231 952 rursus
1250 871 1482 958 instauratum

59 971 163 1051 uisuri
180 976 291 1056 limus.
364 975 407 1054 ld
423 998 520 1056 certe
537 1001 618 1054 non
634 973 775 1050 summo
791 971 912 1052 dolori
927 999 1006 1053 non
1024 973 1094 1053 esse
1111 973 1230 1080 potest
1249 973 1403 1056 historiae
1416 999 1483 1152 pa-

59 1072 130 1151 trie
147 1078 360 1172 amautibus,
385 1076 484 1182 gesta
501 1076 560 1155 sua
585 1073 729 1186 sataque
750 1073 896 1152 nonnisi
919 1075 1144 1180 cognoscere
1174 1075 1415 1181 exscriptori
1443 1101 1481 1154 us

61 1175 199 1270 exteris,
224 1203 313 1278 quos
329 1179 355 1256 si
372 1179 478 1260 nobis
497 1202 577 1256 non
592 1171 777 1254 invidisset
802 1173 982 1254 barbaries
997 1176 1072 1270 illu,
1097 1174 1352 1277 literarumque,
1370 1177 1482 1278 igno-

30 1351 36 1356 .
57 1275 162 1368 ratio,
184 1304 238 1358 nae
251 1279 396 1360 sorttlle
413 1307 484 1388 prae
503 1301 559 1356 tot
574 1275 757 1388 cladibus,
780 1299 838 1355 tot
853 1276 1041 1368 vittoriar,
1069 1273 1345 1381 triumphosque
1363 1275 1484 1390 gentis

3 1391 6 1398 '
52 1376 177 1462 nostrae
196 1380 411 1486 legeremus.
462 1379 575 1462 Certe
593 1401 671 1454 non
685 1397 725 1452 tn
750 1402 883 1456 vanum
901 1383 1013 1456 Poeta
1030 1377 1122 1458 Saxo
1142 1375 1292 1466 cecinin
1483 1385 1693 1471 Adentoe.

279 1553 281 1558 ·
384 1538 478 1606 Natio
496 1535 673 1608 Scluvontm
680 1527 782 1628 studio
791 1528 873 1630 fiatis
885 1533 994 1641 aspera
1011 1529 1078 1613 belli

388 1637 476 1738 ¹Qus
493 1636 638 1712 Bohcmos
655 1640 803 1716 raucitant.

96 1889 107 1907 ·
195 1791 313 1875 (arod
325 1795 394 1898 jam
415 1799 555 1906 pridet‘n
573 1781 681 1883 etium
700 1801 856 1884 advertit
869 1797 1048 1884 Kranzius
1065 1797 1104 1879 in
1123 1799 1293 1881 Vandalia
1312 1801 1393 1897 sua,
1420 1804 1484 1906 qui

53 1911 205 2008 minime
217 1895 513 1983 dubitatFrancos
532 1907 569 1986 in
587 1902 812 1983 recensendis
830 1903 950 2012 gentis
960 1900 1086 1984 nostra:
1103 1901 1204 1985 bellis
1220 1905 1312 2013 sepe
1330 1901 1485 1984 niurium

50 2015 165 2072 ernon
182 1999 415 2105 popularium
432 2007 579 2094 suorum
595 2003 786 2091 indulfiffe.

49 2175 1483 2320 ΜΜΦΦἏΜΦΜΦΜΦΟὒΜΦῦΜΜΜΦ4Μ’

239 2367 243 2376 ’
475 2375 1127 2550 aNNusen.
1573 2369 1576 2377 ’

215 2619 281 2684 um
299 2593 384 2708 jam
408 2597 561 2692 tertius
587 2599 802 2690 domestici
833 2601 1039 2694 tumultus
1067 2597 1112 2694 se
1146 2629 1275 2692 annus
1309 2599 1483 2688 circum·

245 2738 345 2852 agit,
382 2739 587 2834 certatim·
602 2736 768 2832 senatus
790 2743 945 2860 omnis,
979 2771 1073 2860 pars
1096 2741 1331 2836 nobilitatis
1354 2741 1485 2841 nraxif

64 2909 67 2918 ¹
247 2903 315 2966 ma
341 2907 438 2974 cum
455 2879 676 2972 civitatum
695 2868 997 2994 uragistratibus
1021 2883 1072 2974 ad
1090 2881 1134 2974 N
1135 2883 1325 2976 eldanum
1349 2881 1484 2998 queri

54 3017 124 3094 tur
144 3009 416 3136 deploratque
438 3020 620 3136 regionis
636 3019 838 3122 universae
856 3024 1179 3115 incommoda&
1197 3023 1377 3137 injurias,
1397 3021 1486 3138 qui

56 3141 429 3248 busLuczenfium
450 3160 743 3254 malevolentia
764 3159 1006 3279 pulsaretur.
1080 3159 1318 3252 Hortantur
1339 3159 1484 3270 igitur,

52 3351 83 3398 „
111 3285 297 3402 erigeret
319 3294 531 3408 jacentem
549 3301 762 3413 animum,
803 3315 980 3412 cogeret
999 3299 1196 3412 militem,
1218 3315 1382 3414 pataret
1408 3323 1483 3416 per

48 3489 82 3542 ,‚
110 3427 251 3522 ocium
278 3465 418 3554 arma,
452 3467 508 3531 ne
539 3467 589 3530 ea
619 3433 843 3530 cellatione
863 3439 988 3530 hostis
1007 3437 1160 3532 iurem
1190 3437 1482 3556 inanimatus,

47 3633 82 3682 ‚,
106 3565 210 3662 stare
239 3579 450 3690 petillius
485 3581 627 3694 vires,
663 3598 711 3669 ut
732 3577 997 3674 Wlastislaus
1029 3599 1099 3674 tot
1123 3581 1282 3697 injuriis
1313 3583 1481 3700 dignam

48 3770 82 3822 ‚‚
108 3706 315 3808 ultionem
334 3715 810 3840 suppliciumqueferat.
894 3721 1099 3814 Ceterum
1118 3721 1175 3811 fin
1196 3723 1334 3812 minus
1354 3721 1481 3808 conli-

46 3911 79 3962 „
109 3843 177 3938 liis
209 3853 273 3944 his
291 3857 383 3950 vim
415 3861 591 3976 aliquam
614 3854 748 3962 inesse
764 3877 914 3978 putet,
951 3879 1224 3979 experturum
1245 3859 1369 3976 paulo
1389 3859 1480 3976 post

41 4051 73 4102 ‚,
103 3991 230 4080 hostis
265 3996 380 4090 vires
410 3997 547 4092 indies
576 3998 714 4092 audias
735 4000 907 4118 reprimi
932 4027 1019 4090 nou
1052 3999 1227 4114 amplius
1258 3995 1394 4116 polle,
1435 4001 1480 4100 ὃς

43 4195 77 4247 ,,
102 4122 150 4220 se
172 4125 432 4236 Willehradi
462 4135 667 4266 obsessum
696 4139 902 4264 alienique
929 4137 1034 4256 juris
1064 4137 1221 4238 sallum
1240 4135 1480 4260 Principatu
1603 4153 1610 4162 '

234 4336 258 4350 ’“
1282 4351 1314 4400 s>
1336 4309 1409 4374 ex·
