4062 5056
528 341 607 420 ιιι
685 399 688 405 ,
853 321 858 330 ’
922 311 943 320 ”
1097 297 1469 423 Λιιιιιιιιῃ.’

509 481 869 640 perimentibus,
903 449 1038 601 nuper
1058 479 1315 572 admodum
1304 488 1423 574 ntra·
1434 505 1579 578 muros
1601 483 1817 600 coegerat.
1869 489 1952 594 Hu-

524 621 594 736 jus
628 620 742 710 urbis
775 617 981 734 visente,
1018 621 1136 738 quod
1166 619 1327 712 multus
1362 619 1485 710 deca
1512 649 1655 716 rumor
1678 625 1808 746 effes,
1844 639 1949 755 cupi
1995 649 1999 662 '

331 751 339 762 '
511 761 604 858 vrius
628 753 868 850 Hollivitus
896 740 1071 851 alienato
1104 758 1325 850 illustriore
1351 759 1557 852 comitato
1587 757 1807 862 artavum
1834 778 1948 876 venis

522 895 598 992 ub
623 915 766 989 ortum
786 893 1086 1012 Vergiliarum.
1178 891 1247 986 Ibi
1274 895 1495 1016 quatriduo
1525 921 1738 996 moratum
1770 907 1814 999 in
1838 913 1949 1008 abitu

399 1099 405 1110 .
520 1033 673 1130 dixille
705 1033 848 1134 ferent
863 1064 880 1146 ‚z
927 1035 957 1124 fi
1002 1054 1090 1152 tom
1129 1051 1391 1152 opportunus
1441 1051 1613 1153 tamque
1652 1044 1806 1138 nobilis
1852 1049 1947 1146 sutus

524 1170 820 1299 Will'elrrado,
869 1173 1001 1292 qualis
1037 1169 1208 1264 Bllovio
1248 1167 1486 1286 obtigisset,
1534 1201 1621 1264 noa
1652 1197 1788 1274 toturn
1824 1186 1950 1282 morlo

522 1307 727 1410 Bohemis
747 1309 1039 1428 Principibus,
1073 1307 1145 1402 sed
1166 1309 1391 1424 jucundam
1416 1311 1545 1404 etiarn
1569 1314 1640 1404 vel
1658 1311 1753 1410 Diis
1781 1321 1953 1418 immor.

524 1439 681 1560 talibus
710 1451 1011 1542 habitationem
1040 1449 1310 1564 prebitururu
1339 1439 1460 1538 suffe
1481 1447 1790 1546 Willehmdum
1817 1457 1951 1559 ioum

528 1585 786 1714 Deducebat
800 1605 1091 1679 revertentem
1111 1583 1354 1702 Principem
1383 1589 1555 1678 honoris
1578 1589 1695 1681 caula
1713 1591 1954 1696 Slaviborus

525 1755 627 1826 oum
655 1725 731 1820 suo
765 1727 874 1818 item
904 1724 1085 1844 equestri
1107 1725 1335 1840 comitatu,
1374 1743 1634 1884 ventumque
1653 1733 1718 1822 eil
1741 1735 1792 1826 ad
1811 1736 1954 1852 trajec-

442 1871 622 1966 tum
638 1861 773 1960 Albis
804 1865 1011 1984 ιιοᾶυιιιο
1049 1882 1142 1956 tum
1159 1859 1276 1956 forte
1296 1890 1492 1979 aquarum
1513 1867 1805 1960 memento
1799 1897 1955 1990 preter

301 2015 520 2104 ιιμιιιιιυι·
527 2003 697 2106 solitum
719 2005 872 2096 tunnidi
892 2020 1017 2122 atque
1035 2001 1180 2094 inflati.
1272 1997 1511 2119 Princeps
1496 2021 1690 2124 rtemque
1713 2007 1953 2114 Slaviborus

285 2104 520 2270 maai„
526 2174 615 2238 non
632 2144 855 2260 explorato
877 2142 988 2234 vado
1010 2141 1134 2258 primi
1154 2139 1331 2232 fluvium
1359 2137 1548 2256 ingrelli,
1584 2148 1797 2259 rapacibus
1817 2153 1952 2245 tutin

523 2285 644 2402 aquis
679 2284 722 2370 in
754 2281 885 2373 altum
906 2279 1071 2371 flumen
1095 2279 1256 2394 abrepti
1276 2278 1380 2369 alius
1402 2280 1483 2368 alio
1505 2278 1647 2372 frustra
1672 2285 1954 2385 laborantibus

526 2423 650 2541 equis
686 2419 946 2534 abjiciuntur.
1014 2417 1245 2529 Comites
1277 2417 1543 2510 dominorum
1565 2422 1782 2540 periculo3
1819 2447 1868 2522 ut
1884 2429 1954 2548 par

523 2579 617 2654 erat
629 2631 643 2676 ‚
679 2561 793 2652 anxii
804 2627 817 2672 ‚
851 2555 980 2676 seque
1018 2555 1227 2646 cohortati
1260 2551 1360 2646 dum
1385 2557 1572 2648 auxiliari
1596 2583 1802 2677 pergunt,
1835 2571 1958 2684 quin.

527 2727 690 2818 queen
714 2697 921 2788 comitatu
940 2691 1145 2784 Hostiviti
1178 2695 1373 2808 egregios
1394 2695 1599 2812 juvenes,
1636 2701 1827 2821 itemque
1850 2705 1957 2800 alios

476 2951 479 2960 ,
527 2841 635 2932 duos
659 2817 718 2928 ex
734 2834 942 2926 Slsvibosi
960 2833 1005 2922 in
1018 2832 1229 2960 gurgitem
1249 2831 1462 2948 projectos
1486 2838 1634 2928 eadem
1656 2835 1842 2936 fluminis
1867 2847 1961 2938 sio

528 2977 658 3073 lentis
678 2976 722 3070 in
745 2971 933 3063 omnium
957 2968 1182 3086 conspeetu
1197 2989 1415 3062 momento
1430 3001 1528 3063 cuna
1546 2978 1665 3093 equis
1687 2980 1833 3072 haufit.
1868 2979 1960 3076 Ho-

526 3117 691 3238 lb'virus
714 3113 865 3214 eddius
902 3140 1014 3229 equo
1046 3109 1274 3205 calcaribus
1287 3109 1469 3209 ,tandem
1497 3115 1686 3230 periculo
1718 3121 1882 3237 euafit,
1906 3109 1961 3214 lt)

616 3253 811 3348 Slnvibor
830 3254 1011 3342 multum
1028 3251 1207 3350 luilntus
1239 3277 1336 3344 cum
1357 3247 1505 3342 inlunis
1535 3251 1730 3348 iiuiiibus
1751 3285 1867 3375 egre

820 3393 993 3484 tandem
1012 3391 1056 3477 in
1079 3387 1287 3510 aduersam
1310 3391 1440 3503 ripam
1461 3387 1670 3486 sociorum

1060 3529 1217 3620 auxilio
1243 3527 1424 3628 emersu,

1056 3815 1424 3944 1111111
