3896 5046
420 367 424 384 ,
520 333 574 413 ⁸4
1115 311 1287 394 ANNUS
1321 315 1410 400 868.

521 475 611 592 set,
647 476 698 568 ad
715 476 830 592 cajus
851 503 1043 567 normam
1064 503 1139 596 per
1161 505 1310 568 omnes
1345 477 1528 568 ditiones
1551 469 1642 564 suas
1673 471 1804 588 gladii
1837 470 1926 564 fabri

291 643 369 724 msa
387 643 514 726 mistas.
520 637 743 734 carentur3
780 619 831 708 ad
860 615 1041 708 formam
1073 619 1286 733 mucronis
1317 617 1427 708 aliud
1455 607 1728 706 accedebat
1716 615 1927 730 imperim

286 729 385 790 Μ’
316 751 385 792 Μ
386 731 512 812 Μ’Μ·
499 767 570 851 ut
596 761 667 876 qui
687 787 796 848 anno
833 757 1117 914 consequente
1149 758 1263 846 illius
1290 759 1601 872 longitudinem
1634 729 1788 846 statura
1819 749 1927 874 aequrl

517 895 611 990 sent
644 893 982 1014 superaffcntve‚
1021 897 1085 986 eis
1117 897 1285 987 vacatio
1318 897 1481 987 militia:
1500 897 1612 1038 mulla
1630 891 1749 983 ellet.
1866 891 1927 985 Pru

54 1077 57 1088 =
222 1141 225 1148 ι
353 1037 354 1040 ‘
463 1035 850 1158 -greliuriautem
877 1037 928 1128 ad
960 1030 1122 1128 bellum
1149 1039 1306 1153 quovis
1338 1020 1549 1126 armorum
1579 1061 1739 1147 genere
1777 1033 1928 1126 instrud

513 1177 671 1295 client,
707 1178 934 1296 precepit,
970 1177 1175 1266 videlicet
1208 1195 1257 1266 ut
1288 1178 1442 1292 cuique
1477 1171 1582 1266 ellet
1618 1172 1691 1268 seu
1720 1173 1928 1266 dexterim

511 1321 556 1410 dc
589 1317 711 1432 usus,
747 1316 820 1406 seu
849 1315 1017 1408 fortuna
1050 1318 1321 1408 admitteret:
1358 1317 1426 1406 alii
1456 1315 1598 1406 loricis
1632 1313 1773 1431 piceis
1796 1314 1929 1406 terrm

512 1485 624 1574 que,
663 1449 903 1569 caffidibus,
940 1458 1232 1573 cataphradlis,
1273 1455 1592 1574 cudonibusque
1620 1455 1717 1566 alii,
1755 1458 1835 1546 alii
1853 1485 1929 1546 arta

513 1597 620 1710 bu's,
658 1593 824 1708 fundis,
861 1596 1027 1686 tribulis
1061 1595 1249 1712 ferratis,
1296 1597 1541 1713 pedicisque
1574 1596 1723 1684 armati
1762 1598 1819 1684 ab
1851 1621 1929 1714 equ

374 1719 377 1726 ’
437 1801 455 1818 ..
515 1736 591 1826 vel
617 1735 797 1854 pedibus
830 1703 905 1827 iub
938 1735 1049 1851 figna
1074 1723 1122 1824 (l)
1186 1737 1480 1828 centurionum
1516 1734 1686 1828 luorum
1727 1732 1930 1828 succedere

512 1877 853 1991 omnitempore
875 1876 1009 1994 parati
1034 1871 1180 1966 ellent.
1252 1873 1446 1966 Mandati
1469 1875 1675 1967 castrenfis
1697 1879 1929 1994 praecipuur

518 2013 625 2122 fuit:
684 2013 899 2108 adferrent
933 2013 1077 2144 secum
1110 2033 1312 2134 quantum
1346 2034 1547 2134 quantum
1592 2041 1746 2133 capere
1783 2011 1927 2108 licuilltt

324 2161 330 2173 ’
463 2273 469 2280 ,
518 2155 762 2269 vultanum,
797 2151 1009 2269 nisurum,
1057 2156 1327 2269 milviorum,
1376 2156 1636 2272 edendisque
1672 2147 1925 2248 carnibusrl

515 2291 729 2386 luctarum
763 2294 933 2410 avium,
967 2293 1085 2413 spem
1118 2313 1277 2385 certam
1305 2295 1553 2412 propinans,
1589 2315 1637 2387 ut
1659 2321 1764 2385 aves
1790 2305 1862 2388 has
1879 2317 1926 2384 tc

517 2435 752 2526 dendorum
769 2459 771 2465 ·
790 2435 970 2526 *hostium
1011 2435 1283 2526 cadaveribus
1314 2435 1366 2524 ad
1401 2435 1634 2548 ingluviem
1668 2433 1876 2550 saginent
1895 2419 1927 2517 ld

516 2569 627 2666 Tam
655 2551 844 2666 uiltoriae
866 2576 1084 2690 praelidens
1105 2577 1149 2665 in
1171 2576 1331 2665 bellum
1349 2575 1439 2665 ibat
1459 2573 1741 2668 Wlastislaus.

288 2741 405 2824 regau
379 2739 509 2802 aarum
661 2710 784 2805 Prius
804 2741 935 2832 vero,
970 2741 1096 2872 quam
1117 2743 1228 2806 anna
1243 2713 1451 2830 inferret,
1489 2715 1653 2830 legatos
1677 2707 1931 2830 mitterepb

121 2879 125 2884 .
289 2823 511 2888 llammuiirrr·

287 2928 351 2974 ,,
500 2851 610 2942 cuit
633 2851 768 2946 ledlos
791 2856 985 2946 exomni
1007 2883 1203 2972 nunrero,
1226 2859 1312 2947 oris
1345 2855 1526 2962 duritie,
1559 2853 1789 3016 alperitate
1821 2851 1932 2958 voda

518 2992 725 3107 torvitate
745 2994 917 3109 vultur,
953 2995 997 3086 du
1020 2997 1135 3086 mole
1160 2995 1349 3116 corporis
1370 2997 1625 3086 metuendos
1639 2991 1751 3116 ‚qui
1772 2989 1932 3110 nujutna

516 3133 634 3226 ntodi
678 3135 1031 3226 terriculamenta
994 3138 1282 3295 aminasque
1325 3136 1376 3226 ad
1416 3124 1651 3227 Nelrlanum
1696 3135 1932 3258 perferrent

513 3303 642 3386 unum
662 3305 688 3367 e
708 3279 867 3394 tribus,
906 3278 1019 3394 quod
1053 3277 1128 3368 srbi
1149 3277 1336 3367 nraxune
1373 3273 1547 3367 salutare
1580 3276 1805 3390 arbitratus
1846 3269 1932 3380 ellel

516 3414 747 3529 deligeret3
780 3437 855 3508 aut
879 3418 1005 3506 ultro
1022 3415 1237 3507 Neldanus
1257 3416 1491 3534 principatu
1515 3417 1651 3509 abiret
1666 3449 1686 3534 ,·
1721 3435 1796 3507 aut
1832 3413 1932 3526 finp

516 3550 592 3639 lari
621 3554 853 3643 certamine
881 3582 979 3660 cum
1002 3553 1248 3650 Wlastislao
1266 3584 1325 3646 ex
1346 3559 1677 3673 provocatione,
1713 3551 1932 3676 lacquelr

517 3717 572 3808 ge
597 3710 826 3811 pugnaret,
860 3710 913 3784 ut
929 3693 1172 3788 alternatus
1202 3695 1376 3786 vilioris
1411 3715 1592 3816 uterque
1626 3693 1731 3792 erret
1748 3695 1932 3808 Duram

519 3852 591 3940 tart
616 3833 800 3952 denique
818 3835 965 3926 eudem
989 3837 1087 3952 lege
1107 3839 1410 3953 pugnatoribus
1431 3838 1591 3955 aliquot
1609 3841 1816 3956 utrinque
1844 3829 1932 3928 leui

518 3973 701 4068 univerli
723 3979 966 4070 certaminis
982 3977 1126 4072 aleam
1139 3974 1340 4070 deferret.
1422 3975 1620 4082 Quorum
1640 3983 1668 4072 fi
1687 3981 1793 4072 nihil
1808 3971 1932 4069 Neu

384 4163 389 4170 ·
517 4135 577 4206 no
606 4117 858 4235 placiturum
890 4115 1022 4235 effer,
1053 4119 1141 4236 jam
1179 4117 1421 4287 adfuturum
1451 4117 1576 4216 sciret
1594 4119 1932 4348 Wlastislquuinstt
