3984 5036
539 289 586 346 10
795 255 815 288 “
1100 257 1268 338 nunus
1309 263 1330 346 8
1384 309 1394 336 .
1482 241 1490 256 ’
1648 311 1651 318 .

534 413 708 516 Regnum
723 407 885 488 nostrum
899 383 1115 500 iiussitorum
1132 269 1470 488 u'wictuaiiann
1488 398 1580 478 seni
1598 423 1618 478 t
1636 397 1748 480 seculi
1764 423 1860 508 pene
1875 359 1971 488 XV.

535 511 690 589 exordio
698 511 876 589 ‘foedatum
895 509 1015 604 fuiffe,
1043 533 1081 588 ut
1098 509 1242 588 fortuffis
1258 531 1370 584 nemo
1388 501 1624 594 aberraverit,
1652 503 1715 606 qui
1735 501 1837 598 hujus
1854 505 1952 587 fobu

534 611 571 694 lu
593 609 693 696 initia
706 612 764 692 sen
780 605 975 704 Wieleffo,
1002 611 1060 691 seu
1076 607 1211 703 Hoiio,
1237 610 1297 686 seu
1311 631 1408 689 certe
1424 629 1551 684 eorum
1570 601 1654 684 disci
1684 605 1747 682 ulis
1764 603 1952 714 adscripse-

534 708 592 792 rit.
667 713 786 810 Exstat
811 713 917 788 etiam
944 709 983 788 iu
1012 710 1233 792 Bibliotheca
1250 708 1533 812 Metropolitum
1558 727 1630 818 tum
1656 631 1972 810 iitinum,;qrnn'

472 899 477 906 ,
533 811 769 890 Bohemicum
787 812 858 892 Mt:
877 809 1097 912 Chronicon
1112 811 1268 906 ejusdem
1286 808 1436 888 Martini
1448 809 1603 925 poloni,
1631 807 1733 907 quod
1750 819 1831 888 curti
1845 807 1950 911 inspi.

534 937 616 990 cere
640 911 732 990 mihi
758 936 837 990 non
856 909 1012 1004 licuerit,
1037 913 1239 1007 fabulamne
1255 913 1348 990 hunc
1365 929 1568 998 contineat,
1593 930 1641 984 un
1666 933 1762 1002 oon,
1789 909 1884 1010 quod
1902 913 1952 990 of·

533 1013 675 1092 firmem
684 1069 696 1108 ,
722 1035 780 1088 aut
794 1037 948 1116 negem,
974 1037 1052 1090 non
1069 1013 1200 1092 habeo.
1251 1011 1422 1090 Ceterum
1438 1010 1540 1111 plura
1555 1005 1601 1084 de
1617 1008 1819 1088 hacfubula
1837 1009 1949 1090 videri

394 1131 398 1138 '
530 1112 679 1216 possunt
703 1112 800 1217 opud
818 1112 968 1216 Pagium
997 1113 1164 1190 adhunc
1187 1137 1342 1199 annum,
1369 1105 1621 1203 lambecium,
1647 1111 1822 1205 Aletium,
1846 1111 1952 1190 Leib-

532 1211 684 1312 nititun3
710 1214 869 1314 aliosque
886 1213 1044 1293 laudatos
1061 1219 1097 1290 su
1127 1239 1165 1291 ra
1177 1213 1362 1292 authores.
1441 1279 1452 1290 ,
1833 1269 1840 1282 .

667 1313 739 1391 Sed
766 1313 834 1406 inm
861 1313 983 1410 restet,
1009 1337 1048 1389 ut
1070 1242 1314 1406 offendamus,
1341 1334 1411 1416 quo
1430 1306 1570 1388 ratione
1587 1309 1854 1420 MnuTtteus
1868 1312 1953 1392 1³0-

532 1413 705 1491 LONUS
729 1412 774 1490 ad
801 1436 950 1514 gentem
976 1413 1133 1489 nostram
1161 1413 1347 1513 pertineat.
1423 1413 1484 1491 De
1506 1409 1578 1508 ejus
1605 1431 1720 1512 putria
1742 1409 1831 1486 rarii
1860 1413 1955 1498 varie

534 1513 716 1614 scripsere.
796 1511 870 1589 nli'r
887 1514 1031 1606 Italum,
1056 1511 1114 1588 ulii
1138 1515 1284 1590 Scotum
1300 1509 1452 1604 faciunt,
1478 1536 1635 1610 quorum
1650 1508 1687 1585 in
1702 1535 1854 1590 numero
1878 1513 1955 1594 sunt

455 1663 462 1674 ·
534 1611 673 1689 Plotina
688 1619 724 1688 δι
742 1613 998 1704 Volaterranos,
1007 1611 1144 1713 quique
1163 1637 1227 1690 eos
1244 1613 1373 1708 secuti3
1399 1635 1435 1688 et
1454 1634 1522 1692 tres
1537 1608 1695 1688 Codices
1716 1611 1831 1688 Mffia
1848 1617 1954 1690 Lam-

537 1710 646 1790 becio
663 1713 686 1792 l.
704 1738 738 1790 2.
748 1739 779 1790 c.
798 1727 832 1798 8.
843 1711 941 1793 relati
951 1711 1050 1789 litem
1062 1713 1252 1806 definiunt,
1260 1712 1346 1790 dum
1354 1711 1537 1815 ipfiusmet
1545 1709 1697 1790 Martini
1706 1709 1840 1790 Poloni
1851 1717 1970 1810 rerba,

538 1810 763 1916 producunt:
791 1821 853 1917 Ego
863 1816 972 1917 stater
986 1821 1149 1890 Martinus
1165 1817 1283 1890 ordinis
1295 1819 1538 1894 Pradnanmm
1555 1819 1686 1887 Domini
1705 1816 1792 1912 Papa
1810 1818 1957 1898 Paeniten·

537 1925 651 1994 tiarius
675 1913 718 1993 θ’
741 1919 917 2016 Capelianus
939 1915 978 1989 de
995 1923 1098 2018 Regno
1113 1917 1263 1994 Bohemiae
1277 1917 1446 2002 oriundus,
1472 1921 1583 1989 Patria
1600 1917 1784 2010 Opauicnſss.
1859 1915 1958 1996 Hine

538 2022 634 2090 reete
659 2014 869 2094 Lcmbecius
895 2039 940 2091 ex
967 2016 1055 2092 urbe
1081 2012 1271 2118 superioris
1292 2011 1436 2106 Silena,
1461 2041 1539 2113 quae
1562 2038 1660 2090 nunc
1683 2015 1799 2128 turigo
1819 2021 1961 2116 Troppau

539 2113 660 2205 audit,
683 2113 877 2190 oriundum
902 2111 1003 2194 dicit.
1079 2119 1133 2191 Ex
1152 2115 1314 2193 hisvero
1338 2113 1463 2192 natalis
1479 2111 1530 2189 sui
1547 2111 1613 2190 soli
1631 2111 1774 2190 indicus
1793 2113 1959 2216 eruimm3

540 2239 650 2314 quate
666 2216 786 2318 passitn
802 2213 980 2292 Martinus
997 2211 1118 2293 noster
1135 2221 1265 2291 Polanus
1282 2211 1443 2294 audierit.
1495 2211 1620 2290 sitesrae
1634 2211 1736 2297 ,enim
1754 2239 1825 2304 tam
1842 2217 1907 2292 late
1923 2243 1961 2296 ut

539 2313 653 2392 hodie
678 2315 752 2392 sum
784 2337 825 2391 tae
848 2339 986 2393 nomen
1011 2313 1162 2393 Martini
1192 2340 1271 2392 aevo
1300 2313 1456 2392 necdum
1481 2312 1641 2390 usitatum
1670 2337 1763 2402 erat,
1799 2315 1964 2418 pluribus

536 2413 700 2491 Ducibus
718 2343 904 2492 odituehas
923 2413 1093 2519 regiones
1111 2413 1325 2508 tenentibus,
1341 2416 1533 2518 paistmque
1552 2411 1711 2490 Poloniae
1723 2415 1874 2494 nomine
1885 2441 1963 2496 tum

535 2514 723 2608 veniebat,
751 2542 833 2618 non¹
857 2513 1003 2629 quidem
1029 2518 1165 2594 causum
1194 2518 1242 2593 ob
1268 2517 1390 2602 aliem,
1417 2539 1521 2615 quant
1548 2515 1650 2614 quod
1695 2514 1831 2616 letique
1845 2519 1964 2597 Duces

537 2615 661 2698 Silefiae
689 2616 747 2697 seu
771 2615 816 2693 de
842 2615 951 2718 stirpe
977 2619 1122 2700 Ducum
1148 2616 1328 2709 Poloniae,
1355 2616 1414 2692 seu
1444 2641 1570 2693 eorum
1598 2543 1785 2693 feudmarii
1809 2617 1966 2717 fuerint3

539 2741 648 2817 quare
661 2715 781 2796 etiam
807 2717 924 2794 adhuc
942 2717 1093 2793 Carolus
1112 2719 1175 2795 IV.
1203 2717 1341 2814 elinque
1359 2715 1460 2812 hujus
1477 2713 1581 2792 etatis
1599 2714 1795 2818 diplomata
1811 2717 1967 2798 Silesram

539 2843 615 2894 non
633 2817 706 2893 alio
721 2814 890 2906 nomine,
917 2843 1024 2917 quam
1041 2816 1202 2894 Poloniae
1218 2815 1422 2919 indigitant.
1488 2815 1635 2898 Accidit
1652 2841 1770 2916 autem
1787 2819 1893 2917 plane
1911 2819 1967 2897 vi·

540 2940 650 3008 vente
675 2915 862 3008 Monimo,
904 2941 944 2994 ut
968 2915 1173 2995 Miecislaue
1200 2913 1452 2994 Ratiboriensrs
1478 2923 1513 2992 de
1539 2915 1755 3020 Opavienfis
1781 2921 1866 2996 Dux
1890 2919 1968 2997 stne

541 3013 677 3095 herede
693 3015 903 3110 decederet,
927 3015 1253 3120 Przemislaumque
1273 3017 1492 3096 Ottocurum
1510 3021 1651 3122 Regem
1670 3017 1848 3096 Bohemiae
1863 3020 1973 3098 here-

541 3117 625 3200 dem
660 3115 869 3196 testumento
901 3142 1145 3221 nuncuparet,
1172 3116 1234 3219 qui
1264 3138 1392 3221 praeter
1425 3143 1564 3194 moram
1594 3116 1844 3218 poffeflionem
1864 3120 1972 3218 hujus

540 3223 718 3307 Ducotns,
745 3221 912 3297 translato
934 3219 1029 3298 illuc.
1043 3216 1271 3324 praeiidiario
1288 3215 1420 3330 milite,
1447 3201 1666 3331 occupavit,¹
1691 3243 1797 3319 quam
1815 3219 1867 3314 ob
1886 3246 1975 3297 cau-

540 3322 611 3398 sum
637 3320 782 3400 demum
809 3319 997 3398 inteream
1015 3327 1051 3397 &
1065 3323 1261 3398 Boleslaum
1279 3317 1454 3394 Podreum
1471 3319 1751 3396 Crneovtensem
1768 3344 1810 3396 ac
1827 3319 1977 3398 Sendoss

541 3415 745 3496 miriensem
763 3420 905 3497 Dnoem
923 3444 1060 3520 magnae
1078 3443 1208 3497 exortae
1226 3417 1332 3508 lites„
1349 3415 1411 3518 qui
1427 3415 1607 3520 posterior
1625 3417 1767 3496 ducatus
1787 3421 1863 3498 hoe
1878 3417 1976 3498 duos

543 3514 610 3600 fibi
636 3514 674 3594 vi
696 3539 839 3616 ereptos
863 3519 1097 3617 querebatur-3
1123 3518 1182 3595 sed
1204 3519 1254 3594 ob
1280 3516 1434 3619 impares
1450 3516 1543 3595 uires
1559 3517 1686 3596 cedere
1702 3527 1842 3598 eoadrus
1859 3523 1978 3600 Otto-'

262 3669 266 3678 .
308 3624 529 3712 Diagffnhist.
544 3641 647 3709 curo,
673 3637 712 3692 ut
737 3615 812 3694 fuse
837 3643 882 3698 ex
904 3618 975 3694 Dlu
1009 3617 1107 3710 osso,
1132 3619 1267 3698 Matth.
1295 3616 1340 3694 de
1365 3616 1575 3710 Michovio,
1599 3625 1635 3694 δι
1654 3623 1765 3697 Mart.
1785 3621 1978 3702 Cromero

306 3709 402 3774 ΗΜ·
419 3711 437 3772 '-
455 3727 484 3794 7·
496 3713 532 3772 ‘⁸¹
545 3715 660 3798 videri
677 3713 825 3822 potest.'
842 3717 951 3796 Quos
964 3643 1124 3798 lineatus
1141 3743 1229 3796 mox
1247 3718 1441 3796 Ottocorus
1460 3717 1538 3795 filio
1555 3717 1619 3795 suo
1640 3719 1799 3798 Nicolao
1816 3747 1862 3798 ex
1881 3747 1978 3800 con·

306 3795 365 3856 An.
390 3793 530 3941 ¹²52&
546 3817 674 3902 eubina
691 3814 864 3896 Austriaci
881 3816 1027 3896 Batonis
1045 3819 1091 3896 de
1106 3817 1280 3923 Kunring
1293 3843 1379 3895 noto
1396 3819 1501 3896 cent.
1560 3819 1783 3898 tannecum
1805 3821 1978 3903 Martinc

310 3895 530 4043 ng‘lffl'Z
546 3917 691 4002 vivente
703 3918 765 3998 hie
783 3904 908 3998 Sitesrae
931 3927 1054 3996 tractus
1070 3920 1114 3996 ud
1125 3921 1315 4000 Coronam
1333 3917 1455 4022 Regni
1471 3917 1626 3996 Boemiae
1643 3919 1872 4026 pertinuerit,
1901 3949 1978 4004 rec

308 4045 346 4114 ,a
358 4046 418 4109 A...
436 4059 529 4130 1²53·
547 4041 584 4097 te
609 4018 638 4095 is
663 4022 698 4096 se
722 4023 760 4097 de
782 4029 884 4122 Regna
903 4025 1056 4098 Bairmr'ae
1083 4023 1251 4098 etiamdum
1270 4017 1417 4122 scripsit.
1493 4019 1563 4098 Sed
1577 4047 1656 4100 non
1677 4022 1752 4098 hoc
1769 4021 1850 4100 solo
1870 4022 1978 4107 tituli

307 4130 530 4294 malinae
548 4118 752 4201 Martinom
777 4125 913 4221 nostrum
941 4117 1035 4218 diri,
1062 4119 1091 4198 is
1122 4119 1221 4200 enini
1246 4123 1523 4228 VeteroPrage
1545 4119 1591 4198 nd
1620 4125 1654 4202 S.
1684 4123 1978 4212 Clementemir

359 4263 364 4276 .
467 4258 475 4276 .
1854 4251 1942 4306 ας.
