3896 5046
522 247 593 384 ²94
1106 273 1277 360 bunut
1314 283 1402 374 869.

403 483 408 490 -
535 453 635 510 anno
652 425 817 508 Mutavit
832 371 970 508 novatur
992 427 1133 508 cladem
1154 426 1325 536 appingit
1347 427 1402 506 bis
1428 419 1568 510 terbirr
1596 369 1689 510 Aitna
1718 435 1926 522 DCCCLM

514 627 519 648 ,
537 537 686 612 damur
698 537 829 608 Morari
844 532 982 609 ababa
997 562 1019 609 r
1040 539 1148 610 Carula
1169 540 1230 610 lll.
1250 541 1330 638 llrgr
1342 531 1422 634 ψ
1433 542 1533 634 parnt
1547 535 1700 610 ludovici
1714 543 1759 616 ll.

540 705 1497 802 mmmm'
1249 705 1253 712 ’
1500 715 1927 810 mercamur

546 981 549 990 A
802 943 809 958 ·
963 884 1011 998 A
1047 883 1100 995 N
1134 883 1187 994 N
1224 878 1275 991 U
1307 877 1343 992 S
1416 883 1543 1024 869.

710 1043 758 1133 irr
781 1038 893 1132 veris
918 1037 1145 1132 clementia
1169 1041 1276 1130 reris
1296 1039 1593 1156 intemperiem
1613 1041 1927 1160 aliquanturum

534 1026 709 1400 V
748 1182 938 1298 figebat,
974 1202 1072 1272 curu
1101 1175 1371 1270 Wlallislauc
1403 1177 1501 1270 suos
1529 1181 1727 1298 jamjam
1759 1189 1927 1286 medulla

744 1323 991 1440 viritimque
1012 1319 1147 1414 lacior
1166 1317 1240 1412 sub
1260 1319 1440 1439 primurn
1462 1321 1610 1414 clallici
1629 1323 1789 1438 srgnum
1808 1329 1928 1420 lacn

536 1462 603 1580 pis
627 1455 1063 1552 Boudieehovenfibus
1091 1452 1144 1551 (ὀ)
1181 1458 1264 1552 esse
1286 1462 1467 1552 monuit.
1559 1460 1666 1554 Inde
1688 1463 1837 1558 missus
1857 1463 1928 1560 er

537 1596 754 1693 sebredam
776 1599 964 1715 serialis,
1001 1599 1073 1719 qui
1105 1599 1156 1690 ad
1190 1601 1307 1692 dienr
1335 1597 1501 1694 sextum
1524 1596 1627 1702 Idus,
1648 1599 1761 1717 Mau
1794 1605 1928 1700 solenti

538 1741 623 1832 bue
639 1743 787 1834 verbis
809 1739 1005 1833 Nelrlana
1043 1741 1201 1832 bellum
1237 1741 1469 1856 indiceret,
1507 1769 1767 1861 camposque
1788 1743 1928 1841 Turta

537 1879 604 1974 ses
628 1883 770 2000 prelio
790 1880 1036 1993 designaret.
1147 1879 1335 1973 Perculit
1356 1881 1527 2000 quidem
1551 1891 1633 1974 boc
1654 1887 1858 1978 nuncium
1877 1915 1929 2008 prr·

250 2023 252 2028 '
367 2099 372 2104 .
534 2041 608 2114 tus
624 2021 808 2112 Nellani
838 2022 889 2112 ad
909 2024 1167 2139 probitatem
1201 2023 1353 2137 magis,
1383 2050 1506 2142 quam
1540 2024 1734 2116 bellicam
1765 2031 1929 2120 audrcite

437 2181 473 2192 ·’
537 2185 595 2252 ex
619 2181 765 2252 natura
786 2181 1094 2282 comparatum,
1130 2183 1173 2254 at
1193 2161 1382 2254 simulato
1411 2191 1570 2281 pauore
1611 2163 1753 2256 seciali
1791 2195 1851 2262 ex
1874 2193 1929 2287 pu

539 2325 685 2394 cerunt
717 2299 924 2394 sententia
953 2295 1015 2394 sat
1046 2299 1229 2396 animose
1263 2301 1491 2420 respoudit.
1576 2299 1816 2422 „Veniret
1844 2305 1929 2400 uult

540 2507 570 2562 ‚‚
593 2441 889 2560 Wlalliulaus,
921 2444 1132 2536 audaciam
1164 2455 1268 2536 hanc
1303 2445 1345 2534 ei
1364 2445 1556 2536 staturam
1579 2447 1743 2563 capite,
1783 2443 1929 2543 obrui

540 2585 631 2703 „ri
660 2585 735 2676 fibi
764 2585 999 2678 identidem
1017 2589 1073 2676 ob
1103 2587 1251 2678 oculos
1278 2583 1486 2674 ludificem
1517 2585 1627 2675 illam
1658 2583 1847 2707 scenam,
1871 2607 1930 2678 rm

461 2813 469 2820 .
541 2791 575 2840 „
593 2723 819 2842 superbam
837 2727 941 2814 illud
959 2721 1097 2816 Ducis
1115 2723 1353 2818 Zuteceusrs
1371 2745 1494 2842 caput
1514 2719 1650 2844 slipi'te
1673 2725 1748 2818 suo
1773 2727 1930 2834 avum

542 2923 573 2981 ,‚·
595 2863 847 2984 cuspideque
866 2863 999 2954 lixurn
1026 2865 1398 2984 triumphabundus
1427 2866 1472 2956 in
1490 2863 1860 2962 Wilselrradenses
1882 2881 1930 2960 nt

542 3069 570 3120 „
594 3027 666 3095 ros
688 3005 877 3098 illaturus
902 3001 1021 3098 esset.
1046 3075 1076 3119 „
1171 3004 1272 3096 Non
1289 3005 1455 3119 segnius
1482 3007 1610 3121 igitur
1628 3005 1930 3102 Wilselrradirr

307 3156 516 3234 merimut-
538 3165 709 3264 ceptum
722 3217 736 3264 ,
773 3173 896 3268 quam
925 3145 1129 3240 indicium
1159 3147 1316 3238 bellum
1337 3149 1410 3237 ell.
1518 3144 1678 3240 Altero
1701 3177 1813 3244 mox
1832 3155 1930 3244 diet

302 3256 364 3410 Ψ
376 3269 502 3339 ‘W'
537 3289 656 3378 omni
675 3289 927 3402 nobilitate,
964 3290 1238 3403 civitatibus,
1275 3288 1522 3404 ⁶0¹⁰¹¹i⁵qile
1555 3285 1824 3406 ⁰⁰¹¹s⁰¹ipf¹¹⁸
1857 3315 1930 3384 ω

539 3421 679 3540 citur,
711 3423 755 3516 in
786 3429 939 3546 quibus
963 3425 1180 3518 Nelrlarrus
1211 3454 1292 3516 uec
1321 3428 1614 3546 voluntatem,
1648 3459 1728 3520 nec
1761 3449 1930 3527 armatu

537 3583 887 3682 apparatum,nec
907 3567 1170 3659 celeritatem
1192 3567 1410 3658 desiderari
1432 3567 1565 3684 passus
1592 3573 1665 3662 est.
1737 3569 1845 3687 Jam
1871 3571 1930 3666 uu

534 3731 595 3800 vu
623 3698 776 3837 Iduum
806 3703 915 3821 Maji
939 3695 990 3794 (l)
1036 3701 1112 3796 sub
1139 3706 1261 3821 lignis
1289 3703 1503 3824 Pragcnsrs
1532 3707 1717 3826 egressus
1751 3718 1930 3808 exercit

534 3845 809 3966 expumedlus
832 3845 948 3970 supra
966 3865 1202 3940 tumentem
1222 3841 1378 3940 Bruslra
1401 3878 1573 3969 campos
1592 3857 1863 3976 occupavit,
1892 3854 1930 3948 di

534 4009 670 4107 toque
688 3975 948 4085 sacramenta
976 4011 1075 4082 curn
1095 3989 1181 4080 fide
1197 3989 1330 4082 vitarn
1352 3985 1537 4110 Principi
1558 3991 1866 4116 consecravit,
1896 4019 1930 4114 q

535 4124 685 4224 itidem
708 4127 778 4222 die
797 4127 1064 4226 Wlasticlaus
1095 4131 1146 4223 ad
1169 4132 1360 4224 austun
1384 4153 1516 4252 nuper
1536 4131 1773 4230 Budecium
1804 4137 1930 4266 appd

818 4290 823 4298 '
1862 4281 1918 4370 tl-
