<?xml version="1.0" encoding="UTF-8"?>
<!DOCTYPE html PUBLIC "-//W3C//DTD XHTML 1.0 Transitional//EN"
    "http://www.w3.org/TR/xhtml1/DTD/xhtml1-transitional.dtd">
<html xmlns="http://www.w3.org/1999/xhtml" xml:lang="en" lang="en">
 <head>
  <title>
</title>
<meta http-equiv="Content-Type" content="text/html;charset=utf-8" />
  <meta name='ocr-system' content='tesseract 3.04.00' />
  <meta name='ocr-capabilities' content='ocr_page ocr_carea ocr_par ocr_line ocrx_word'/>
</head>
<body>
  <div class='ocr_page' id='page_1' title='image "./wenceslaihageka00libogoog_0556.png"; bbox 0 0 3932 5030; ppageno 0'>
   <div class='ocr_carea' id='block_1_1' title="bbox 495 301 1348 421">
    <p class='ocr_par' dir='ltr' id='par_1_1' title="bbox 495 301 1348 421">
     <span class='ocr_line' id='line_1_1' title="bbox 495 301 1348 421; baseline 0.007 -23"><span class='ocrx_word' id='word_1_1' title='bbox 495 319 568 421; x_wconf 71' lang='grc' dir='ltr'>ιἰσ</span> <span class='ocrx_word' id='word_1_2' title='bbox 778 375 784 384; x_wconf 84' lang='lat'><em>-</em></span> <span class='ocrx_word' id='word_1_3' title='bbox 1035 301 1253 398; x_wconf 64' lang='lat' dir='ltr'>ANNUS</span> <span class='ocrx_word' id='word_1_4' title='bbox 1259 330 1348 409; x_wconf 71' lang='lat'>924,</span> 
     </span>
    </p>
   </div>
   <div class='ocr_carea' id='block_1_2' title="bbox 405 461 1918 1010">
    <p class='ocr_par' dir='ltr' id='par_1_2' title="bbox 405 461 1918 1006">
     <span class='ocr_line' id='line_1_2' title="bbox 490 461 1918 592; baseline -0.005 -18"><span class='ocrx_word' id='word_1_5' title='bbox 490 483 593 574; x_wconf 88' lang='lat' dir='ltr'>sono</span> <span class='ocrx_word' id='word_1_6' title='bbox 618 461 843 570; x_wconf 83' lang='lat' dir='ltr'>conlelllm</span> <span class='ocrx_word' id='word_1_7' title='bbox 876 479 926 566; x_wconf 90' lang='lat' dir='ltr'>ab</span> <span class='ocrx_word' id='word_1_8' title='bbox 954 477 1087 592; x_wconf 86' lang='lat' dir='ltr'>equis</span> <span class='ocrx_word' id='word_1_9' title='bbox 1108 473 1262 586; x_wconf 88' lang='lat' dir='ltr'>desrlit,</span> <span class='ocrx_word' id='word_1_10' title='bbox 1296 473 1511 592; x_wconf 80' lang='lat' dir='ltr'>positoque</span> <span class='ocrx_word' id='word_1_11' title='bbox 1539 473 1654 565; x_wconf 79' lang='lat' dir='ltr'>latmi</span> <span class='ocrx_word' id='word_1_12' title='bbox 1675 477 1843 567; x_wconf 83' lang='lat' dir='ltr'>lllmulo</span> <span class='ocrx_word' id='word_1_13' title='bbox 1866 483 1918 586; x_wconf 76' lang='lat' dir='ltr'>ad</span> 
     </span>
     <span class='ocr_line' id='line_1_3' title="bbox 405 591 1915 738; baseline 0.001 -27"><span class='ocrx_word' id='word_1_14' title='bbox 405 625 409 634; x_wconf 83' lang='lat'>&#39;</span> <span class='ocrx_word' id='word_1_15' title='bbox 490 621 640 738; x_wconf 89' lang='lat' dir='ltr'>templi</span> <span class='ocrx_word' id='word_1_16' title='bbox 672 617 919 708; x_wconf 86' lang='lat' dir='ltr'>vestibulum</span> <span class='ocrx_word' id='word_1_17' title='bbox 949 633 1169 730; x_wconf 79' lang='lat' dir='ltr'>properat,</span> <span class='ocrx_word' id='word_1_18' title='bbox 1205 591 1484 716; x_wconf 77' lang='lat' dir='ltr'>sublimem</span> <span class='ocrx_word' id='word_1_19' title='bbox 1456 617 1519 702; x_wconf 79' lang='grc' dir='ltr'>ιιι</span> <span class='ocrx_word' id='word_1_20' title='bbox 1551 616 1663 705; x_wconf 87' lang='lat' dir='ltr'>inter</span> <span class='ocrx_word' id='word_1_21' title='bbox 1686 615 1915 712; x_wconf 78' lang='lat' dir='ltr'>sacerdotis</span> 
     </span>
     <span class='ocr_line' id='line_1_4' title="bbox 489 749 1913 874; baseline -0.003 -24"><span class='ocrx_word' id='word_1_22' title='bbox 489 787 635 865; x_wconf 78' lang='lat' dir='ltr'>uranus</span> <span class='ocrx_word' id='word_1_23' title='bbox 658 755 800 874; x_wconf 82' lang='lat' dir='ltr'>Deum</span> <span class='ocrx_word' id='word_1_24' title='bbox 823 753 938 846; x_wconf 85' lang='lat' dir='ltr'>lirum</span> <span class='ocrx_word' id='word_1_25' title='bbox 962 751 1283 858; x_wconf 63' lang='lat' dir='ltr'>veneraturum</span> <span class='ocrx_word' id='word_1_26' title='bbox 1321 749 1444 842; x_wconf 87' lang='lat' dir='ltr'>Tum</span> <span class='ocrx_word' id='word_1_27' title='bbox 1455 755 1568 842; x_wconf 86' lang='lat' dir='ltr'>enim</span> <span class='ocrx_word' id='word_1_28' title='bbox 1590 781 1696 845; x_wconf 90' lang='lat' dir='ltr'>vero</span> <span class='ocrx_word' id='word_1_29' title='bbox 1716 769 1913 846; x_wconf 79' lang='lat' dir='ltr'><strong>extreme</strong></span> 
     </span>
     <span class='ocr_line' id='line_1_5' title="bbox 489 865 1916 1010; baseline -0.006 -20"><span class='ocrx_word' id='word_1_30' title='bbox 489 897 633 990; x_wconf 88' lang='lat' dir='ltr'>surere</span> <span class='ocrx_word' id='word_1_31' title='bbox 662 865 813 986; x_wconf 84' lang='lat' dir='ltr'>infelix</span> <span class='ocrx_word' id='word_1_32' title='bbox 840 894 1013 1006; x_wconf 88' lang='lat' dir='ltr'>mulier,</span> <span class='ocrx_word' id='word_1_33' title='bbox 1060 889 1291 986; x_wconf 68' lang='lat' dir='ltr'>maledidtis</span> <span class='ocrx_word' id='word_1_34' title='bbox 1313 888 1516 994; x_wconf 79' lang='lat' dir='ltr'>incessere</span> <span class='ocrx_word' id='word_1_35' title='bbox 1543 871 1767 988; x_wconf 80' lang='lat' dir='ltr'>Christiana</span> <span class='ocrx_word' id='word_1_36' title='bbox 1791 891 1916 1010; x_wconf 81' lang='lat' dir='ltr'>sacra,</span> 
     </span>
    </p>
   </div>
   <div class='ocr_carea' id='block_1_3' title="bbox 329 1023 1913 1160">
    <p class='ocr_par' dir='ltr' id='par_1_3' title="bbox 329 1023 1913 1160">
     <span class='ocr_line' id='line_1_6' title="bbox 329 1023 1913 1160; baseline -0.001 -32"><span class='ocrx_word' id='word_1_37' title='bbox 329 1085 335 1092; x_wconf 93' lang='lat'><em>·</em></span> <span class='ocrx_word' id='word_1_38' title='bbox 491 1035 738 1152; x_wconf 88' lang='lat' dir='ltr'>blasphemis</span> <span class='ocrx_word' id='word_1_39' title='bbox 760 1031 949 1128; x_wconf 82' lang='lat' dir='ltr'>saucibus</span> <span class='ocrx_word' id='word_1_40' title='bbox 979 1031 1135 1128; x_wconf 77' lang='lat' dir='ltr'>cselunr</span> <span class='ocrx_word' id='word_1_41' title='bbox 1159 1051 1376 1160; x_wconf 88' lang='lat' dir='ltr'>terrasque</span> <span class='ocrx_word' id='word_1_42' title='bbox 1394 1027 1603 1160; x_wconf 81' lang='lat' dir='ltr'>fatigare,</span> <span class='ocrx_word' id='word_1_43' title='bbox 1623 1023 1728 1122; x_wconf 86' lang='lat' dir='ltr'>adeo</span> <span class='ocrx_word' id='word_1_44' title='bbox 1748 1049 1799 1122; x_wconf 92' lang='lat' dir='ltr'>ut</span> <span class='ocrx_word' id='word_1_45' title='bbox 1822 1034 1913 1146; x_wconf 83' lang='lat' dir='ltr'>ejus</span> 
     </span>
    </p>
   </div>
   <div class='ocr_carea' id='block_1_4' title="bbox 462 1151 1915 1704">
    <p class='ocr_par' dir='ltr' id='par_1_4' title="bbox 462 1151 1915 1704">
     <span class='ocr_line' id='line_1_7' title="bbox 462 1151 1915 1284; baseline -0.003 -18"><span class='ocrx_word' id='word_1_46' title='bbox 462 1213 464 1216; x_wconf 92' lang='lat'>·</span> <span class='ocrx_word' id='word_1_47' title='bbox 490 1174 742 1280; x_wconf 76' lang='lat' dir='ltr'>voeiferatio</span> <span class='ocrx_word' id='word_1_48' title='bbox 759 1173 832 1262; x_wconf 83' lang='lat' dir='ltr'>vel</span> <span class='ocrx_word' id='word_1_49' title='bbox 855 1171 989 1268; x_wconf 76' lang='lat' dir='ltr'>mdis</span> <span class='ocrx_word' id='word_1_50' title='bbox 979 1187 1153 1260; x_wconf 85' lang='lat' dir='ltr'>rnternae</span> <span class='ocrx_word' id='word_1_51' title='bbox 1172 1169 1303 1284; x_wconf 87' lang='lat' dir='ltr'>pariet</span> <span class='ocrx_word' id='word_1_52' title='bbox 1304 1193 1351 1257; x_wconf 88' lang='lat' dir='ltr'>es</span> <span class='ocrx_word' id='word_1_53' title='bbox 1369 1151 1633 1283; x_wconf 82' lang='lat' dir='ltr'>percelleret</span> <span class='ocrx_word' id='word_1_54' title='bbox 1708 1169 1796 1264; x_wconf 83' lang='lat' dir='ltr'>Res</span> <span class='ocrx_word' id='word_1_55' title='bbox 1823 1183 1915 1271; x_wconf 87' lang='lat' dir='ltr'>hor</span> 
     </span>
     <span class='ocr_line' id='line_1_8' title="bbox 490 1297 1912 1425; baseline -0.004 -21"><span class='ocrx_word' id='word_1_56' title='bbox 490 1297 619 1404; x_wconf 80' lang='lat' dir='ltr'>rende</span> <span class='ocrx_word' id='word_1_57' title='bbox 639 1313 779 1425; x_wconf 74' lang='lat' dir='ltr'>didio,</span> <span class='ocrx_word' id='word_1_58' title='bbox 812 1335 1030 1425; x_wconf 86' lang='lat' dir='ltr'>rarumque</span> <span class='ocrx_word' id='word_1_59' title='bbox 1050 1309 1206 1414; x_wconf 70' lang='lat' dir='ltr'>divine.</span> <span class='ocrx_word' id='word_1_60' title='bbox 1222 1307 1394 1413; x_wconf 84' lang='lat' dir='ltr'>ultionis</span> <span class='ocrx_word' id='word_1_61' title='bbox 1416 1299 1688 1424; x_wconf 86' lang='lat' dir='ltr'>exempluml</span> <span class='ocrx_word' id='word_1_62' title='bbox 1729 1337 1822 1400; x_wconf 90' lang='lat' dir='ltr'>cum</span> <span class='ocrx_word' id='word_1_63' title='bbox 1843 1339 1912 1408; x_wconf 88' lang='lat' dir='ltr'>au-</span> 
     </span>
     <span class='ocr_line' id='line_1_9' title="bbox 492 1446 1909 1567; baseline -0.003 -28"><span class='ocrx_word' id='word_1_64' title='bbox 492 1456 580 1567; x_wconf 85' lang='lat' dir='ltr'>riga</span> <span class='ocrx_word' id='word_1_65' title='bbox 607 1453 656 1542; x_wconf 86' lang='lat' dir='ltr'>ad</span> <span class='ocrx_word' id='word_1_66' title='bbox 675 1450 843 1543; x_wconf 86' lang='lat' dir='ltr'>rhedam</span> <span class='ocrx_word' id='word_1_67' title='bbox 866 1446 976 1539; x_wconf 90' lang='lat' dir='ltr'>suam</span> <span class='ocrx_word' id='word_1_68' title='bbox 999 1465 1219 1563; x_wconf 79' lang='lat' dir='ltr'>properat,</span> <span class='ocrx_word' id='word_1_69' title='bbox 1257 1467 1476 1546; x_wconf 82' lang='lat' dir='ltr'>morirento</span> <span class='ocrx_word' id='word_1_70' title='bbox 1502 1448 1716 1566; x_wconf 50' lang='lat' dir='ltr'>,temporis</span> <span class='ocrx_word' id='word_1_71' title='bbox 1733 1449 1909 1548; x_wconf 81' lang='lat' dir='ltr'>terribili</span> 
     </span>
     <span class='ocr_line' id='line_1_10' title="bbox 492 1583 1911 1704; baseline -0.003 -24"><span class='ocrx_word' id='word_1_72' title='bbox 492 1593 606 1682; x_wconf 87' lang='lat' dir='ltr'>hiatu</span> <span class='ocrx_word' id='word_1_73' title='bbox 635 1587 709 1678; x_wconf 93' lang='lat' dir='ltr'>sub</span> <span class='ocrx_word' id='word_1_74' title='bbox 735 1585 911 1704; x_wconf 87' lang='lat' dir='ltr'>pedibus</span> <span class='ocrx_word' id='word_1_75' title='bbox 932 1583 1110 1702; x_wconf 76' lang='lat' dir='ltr'>disrupta</span> <span class='ocrx_word' id='word_1_76' title='bbox 1140 1585 1266 1686; x_wconf 86' lang='lat' dir='ltr'>tellus</span> <span class='ocrx_word' id='word_1_77' title='bbox 1287 1585 1492 1696; x_wconf 83' lang='lat' dir='ltr'>muliebre</span> <span class='ocrx_word' id='word_1_78' title='bbox 1513 1585 1767 1690; x_wconf 77' lang='lat' dir='ltr'>scelus&#39;cum</span> <span class='ocrx_word' id='word_1_79' title='bbox 1794 1587 1911 1704; x_wconf 70' lang='lat' dir='ltr'>equis</span> 
     </span>
    </p>
   </div>
   <div class='ocr_carea' id='block_1_5' title="bbox 145 1703 1910 1990">
    <p class='ocr_par' dir='ltr' id='par_1_5' title="bbox 145 1703 1910 1990">
     <span class='ocr_line' id='line_1_11' title="bbox 145 1703 1910 1868; baseline -0.022 -26"><span class='ocrx_word' id='word_1_80' title='bbox 145 1703 155 1714; x_wconf 27' lang='grc' dir='ltr'>ι</span> <span class='ocrx_word' id='word_1_81' title='bbox 267 1787 293 1868; x_wconf 67' lang='lat' dir='ltr'>„s</span> <span class='ocrx_word' id='word_1_82' title='bbox 325 1745 355 1862; x_wconf 47' lang='grc' dir='ltr'>θ’,</span> <span class='ocrx_word' id='word_1_83' title='bbox 402 1736 466 1806; x_wconf 62' lang='lat'>‘⁰&#39;</span> <span class='ocrx_word' id='word_1_84' title='bbox 492 1757 698 1852; x_wconf 78' lang='lat' dir='ltr'>curruque</span> <span class='ocrx_word' id='word_1_85' title='bbox 723 1725 878 1838; x_wconf 81' lang='lat' dir='ltr'>hausit,</span> <span class='ocrx_word' id='word_1_86' title='bbox 904 1713 960 1808; x_wconf 73' lang='lat' dir='ltr'>(cl)</span> <span class='ocrx_word' id='word_1_87' title='bbox 998 1719 1221 1840; x_wconf 80' lang='lat' dir='ltr'>errrllsaquo</span> <span class='ocrx_word' id='word_1_88' title='bbox 1255 1713 1466 1841; x_wconf 82' lang='lat' dir='ltr'>sulphurea</span> <span class='ocrx_word' id='word_1_89' title='bbox 1501 1729 1590 1840; x_wconf 82' lang='lat' dir='ltr'>igni</span> <span class='ocrx_word' id='word_1_90' title='bbox 1611 1727 1830 1854; x_wconf 74' lang='lat' dir='ltr'>permixta·</span> <span class='ocrx_word' id='word_1_91' title='bbox 1843 1752 1910 1816; x_wconf 56' lang='lat' dir='ltr'>nn</span> 
     </span>
     <span class='ocr_line' id='line_1_12' title="bbox 335 1855 1910 1990; baseline -0.014 -26"><span class='ocrx_word' id='word_1_92' title='bbox 335 1877 339 1886; x_wconf 83' lang='grc'><strong>’</strong></span> <span class='ocrx_word' id='word_1_93' title='bbox 440 1859 441 1862; x_wconf 22' lang='lat'>¹</span> <span class='ocrx_word' id='word_1_94' title='bbox 490 1871 589 1964; x_wconf 65' lang='lat' dir='ltr'>‘bula</span> <span class='ocrx_word' id='word_1_95' title='bbox 622 1869 735 1978; x_wconf 88' lang='lat' dir='ltr'>coit,</span> <span class='ocrx_word' id='word_1_96' title='bbox 778 1855 950 1979; x_wconf 81' lang='lat' dir='ltr'>perinde</span> <span class='ocrx_word' id='word_1_97' title='bbox 985 1865 1092 1982; x_wconf 81' lang='lat' dir='ltr'>quasa</span> <span class='ocrx_word' id='word_1_98' title='bbox 1115 1861 1255 1952; x_wconf 68' lang='lat' dir='ltr'>suntin</span> <span class='ocrx_word' id='word_1_99' title='bbox 1277 1862 1446 1990; x_wconf 82' lang='lat' dir='ltr'>officio,</span> <span class='ocrx_word' id='word_1_100' title='bbox 1482 1867 1705 1978; x_wconf 89' lang='lat' dir='ltr'>debitoque</span> <span class='ocrx_word' id='word_1_101' title='bbox 1727 1864 1803 1958; x_wconf 87' lang='lat' dir='ltr'>libi</span> <span class='ocrx_word' id='word_1_102' title='bbox 1822 1865 1910 1976; x_wconf 63' lang='lat' dir='ltr'>pin,</span> 
     </span>
    </p>
   </div>
   <div class='ocr_carea' id='block_1_6' title="bbox 383 1999 1914 2958">
    <p class='ocr_par' dir='ltr' id='par_1_6' title="bbox 383 1999 1914 2958">
     <span class='ocr_line' id='line_1_13' title="bbox 496 1999 1911 2118; baseline -0.006 -28"><span class='ocrx_word' id='word_1_103' title='bbox 496 2001 604 2114; x_wconf 69' lang='lat' dir='ltr'>‚culo</span> <span class='ocrx_word' id='word_1_104' title='bbox 625 2001 835 2110; x_wconf 76' lang='lat' dir='ltr'>exsatiata,</span> <span class='ocrx_word' id='word_1_105' title='bbox 943 1999 1051 2088; x_wconf 89' lang='lat' dir='ltr'>Illud</span> <span class='ocrx_word' id='word_1_106' title='bbox 1080 2003 1331 2114; x_wconf 87' lang='lat' dir='ltr'>permirum,</span> <span class='ocrx_word' id='word_1_107' title='bbox 1361 2004 1473 2118; x_wconf 92' lang='lat' dir='ltr'>quod</span> <span class='ocrx_word' id='word_1_108' title='bbox 1499 2001 1608 2118; x_wconf 80' lang='lat' dir='ltr'>fellei</span> <span class='ocrx_word' id='word_1_109' title='bbox 1629 1999 1817 2112; x_wconf 72' lang='lat' dir='ltr'>rhedario</span> <span class='ocrx_word' id='word_1_110' title='bbox 1845 2025 1911 2105; x_wconf 79' lang='lat' dir='ltr'>ne</span> 
     </span>
     <span class='ocr_line' id='line_1_14' title="bbox 384 2124 1914 2261; baseline -0.005 -28"><span class='ocrx_word' id='word_1_111' title='bbox 384 2131 385 2134; x_wconf 5' lang='grc' dir='ltr'>Ὺ</span> <span class='ocrx_word' id='word_1_112' title='bbox 429 2214 433 2222; x_wconf 77' lang='lat'>,</span> <span class='ocrx_word' id='word_1_113' title='bbox 495 2139 590 2232; x_wconf 88' lang='lat' dir='ltr'>suus</span> <span class='ocrx_word' id='word_1_114' title='bbox 611 2141 779 2261; x_wconf 86' lang='lat' dir='ltr'>quidem</span> <span class='ocrx_word' id='word_1_115' title='bbox 802 2139 985 2230; x_wconf 76' lang='lat' dir='ltr'>[tumulus</span> <span class='ocrx_word' id='word_1_116' title='bbox 1008 2139 1160 2254; x_wconf 88' lang='lat' dir='ltr'>periit,</span> <span class='ocrx_word' id='word_1_117' title='bbox 1204 2159 1394 2256; x_wconf 79' lang='lat' dir='ltr'>repertus</span> <span class='ocrx_word' id='word_1_118' title='bbox 1417 2147 1527 2258; x_wconf 82' lang='lat' dir='ltr'>pone</span> <span class='ocrx_word' id='word_1_119' title='bbox 1542 2143 1706 2256; x_wconf 75' lang='lat' dir='ltr'>lotum,</span> <span class='ocrx_word' id='word_1_120' title='bbox 1703 2124 1727 2160; x_wconf 69' lang='lat'><strong><em>⁵</em></strong></span> <span class='ocrx_word' id='word_1_121' title='bbox 1723 2163 1830 2256; x_wconf 92' lang='lat' dir='ltr'>quo</span> <span class='ocrx_word' id='word_1_122' title='bbox 1847 2133 1914 2226; x_wconf 63' lang='lat' dir='ltr'>lua</span> 
     </span>
     <span class='ocr_line' id='line_1_15' title="bbox 493 2275 1912 2396; baseline -0.008 -24"><span class='ocrx_word' id='word_1_123' title='bbox 493 2283 570 2392; x_wconf 87' lang='lat' dir='ltr'>bes</span> <span class='ocrx_word' id='word_1_124' title='bbox 593 2278 726 2393; x_wconf 77' lang='lat' dir='ltr'>satta,</span> <span class='ocrx_word' id='word_1_125' title='bbox 757 2296 950 2396; x_wconf 86' lang='lat' dir='ltr'>terraque</span> <span class='ocrx_word' id='word_1_126' title='bbox 969 2275 1141 2372; x_wconf 81' lang='lat' dir='ltr'>desedit.</span> <span class='ocrx_word' id='word_1_127' title='bbox 1237 2275 1307 2369; x_wconf 87' lang='lat' dir='ltr'>At</span> <span class='ocrx_word' id='word_1_128' title='bbox 1324 2306 1428 2370; x_wconf 88' lang='lat' dir='ltr'>vero</span> <span class='ocrx_word' id='word_1_129' title='bbox 1453 2283 1588 2374; x_wconf 90' lang='lat' dir='ltr'>illem</span> <span class='ocrx_word' id='word_1_130' title='bbox 1608 2293 1739 2394; x_wconf 81' lang='lat' dir='ltr'>genua</span> <span class='ocrx_word' id='word_1_131' title='bbox 1756 2301 1912 2394; x_wconf 71' lang='lat' dir='ltr'>provo,-</span> 
     </span>
     <span class='ocr_line' id='line_1_16' title="bbox 492 2349 1912 2534; baseline -0.008 -24"><span class='ocrx_word' id='word_1_132' title='bbox 492 2421 605 2511; x_wconf 88' lang='lat' dir='ltr'>lutus</span> <span class='ocrx_word' id='word_1_133' title='bbox 629 2349 788 2520; x_wconf 88' lang='lat' dir='ltr'>Christo</span> <span class='ocrx_word' id='word_1_134' title='bbox 810 2445 869 2530; x_wconf 79' lang='lat' dir='ltr'>gr</span> <span class='ocrx_word' id='word_1_135' title='bbox 860 2419 960 2508; x_wconf 82' lang='lat' dir='ltr'>rtias</span> <span class='ocrx_word' id='word_1_136' title='bbox 982 2419 1096 2532; x_wconf 81' lang='lat' dir='ltr'>egit,</span> <span class='ocrx_word' id='word_1_137' title='bbox 1129 2447 1201 2534; x_wconf 90' lang='lat' dir='ltr'>qur</span> <span class='ocrx_word' id='word_1_138' title='bbox 1188 2415 1263 2508; x_wconf 86' lang='lat' dir='ltr'>se</span> <span class='ocrx_word' id='word_1_139' title='bbox 1284 2443 1342 2508; x_wconf 83' lang='lat' dir='ltr'>err</span> <span class='ocrx_word' id='word_1_140' title='bbox 1358 2437 1444 2522; x_wconf 84' lang='lat' dir='ltr'>tam</span> <span class='ocrx_word' id='word_1_141' title='bbox 1467 2421 1655 2521; x_wconf 76' lang='lat' dir='ltr'>horribili</span> <span class='ocrx_word' id='word_1_142' title='bbox 1676 2411 1912 2516; x_wconf 77' lang='lat' dir='ltr'>discrimine</span> 
     </span>
     <span class='ocr_line' id='line_1_17' title="bbox 383 2543 1913 2676; baseline -0.008 -24"><span class='ocrx_word' id='word_1_143' title='bbox 383 2616 392 2635; x_wconf 88' lang='lat'><strong>·</strong></span> <span class='ocrx_word' id='word_1_144' title='bbox 478 2543 718 2676; x_wconf 79' lang='lat' dir='ltr'>eripuisset.</span> <span class='ocrx_word' id='word_1_145' title='bbox 824 2556 1027 2648; x_wconf 83' lang='lat' dir='ltr'>Sacerdos</span> <span class='ocrx_word' id='word_1_146' title='bbox 1050 2544 1226 2670; x_wconf 72' lang='lat' dir='ltr'>parastis</span> <span class='ocrx_word' id='word_1_147' title='bbox 1249 2555 1370 2646; x_wconf 83' lang='lat' dir='ltr'>sacris</span> <span class='ocrx_word' id='word_1_148' title='bbox 1394 2587 1491 2670; x_wconf 86' lang='lat' dir='ltr'>curn</span> <span class='ocrx_word' id='word_1_149' title='bbox 1516 2555 1913 2650; x_wconf 70' lang='grc' dir='ltr'>1ειιιειιι(ἶιιιιιιιιιιιιιι</span> 
     </span>
     <span class='ocr_line' id='line_1_18' title="bbox 495 2695 1912 2828; baseline -0.006 -40"><span class='ocrx_word' id='word_1_150' title='bbox 495 2727 588 2788; x_wconf 89' lang='lat' dir='ltr'>rum</span> <span class='ocrx_word' id='word_1_151' title='bbox 608 2695 727 2786; x_wconf 85' lang='lat' dir='ltr'>turba</span> <span class='ocrx_word' id='word_1_152' title='bbox 750 2721 968 2786; x_wconf 86' lang='lat' dir='ltr'>accurrens</span> <span class='ocrx_word' id='word_1_153' title='bbox 990 2695 1128 2786; x_wconf 88' lang='lat' dir='ltr'>adhuc</span> <span class='ocrx_word' id='word_1_154' title='bbox 1156 2715 1413 2806; x_wconf 85' lang='lat' dir='ltr'>trementem</span> <span class='ocrx_word' id='word_1_155' title='bbox 1445 2701 1801 2828; x_wconf 84' lang='lat' dir='ltr'>palpitantemque</span> <span class='ocrx_word' id='word_1_156' title='bbox 1832 2711 1912 2781; x_wconf 85' lang='lat' dir='ltr'>tet</span> 
     </span>
     <span class='ocr_line' id='line_1_19' title="bbox 495 2829 1913 2958; baseline -0.004 -33"><span class='ocrx_word' id='word_1_157' title='bbox 495 2865 582 2925; x_wconf 89' lang='lat' dir='ltr'>ram</span> <span class='ocrx_word' id='word_1_158' title='bbox 601 2833 897 2947; x_wconf 81' lang='lat' dir='ltr'>deprehendit,</span> <span class='ocrx_word' id='word_1_159' title='bbox 928 2851 1053 2958; x_wconf 86' lang='lat' dir='ltr'>atque</span> <span class='ocrx_word' id='word_1_160' title='bbox 1077 2831 1310 2948; x_wconf 79' lang='lat' dir='ltr'>terribiles</span> <span class='ocrx_word' id='word_1_161' title='bbox 1309 2835 1493 2946; x_wconf 79' lang='lat' dir='ltr'>gemitus</span> <span class='ocrx_word' id='word_1_162' title='bbox 1517 2841 1716 2954; x_wconf 89' lang='lat' dir='ltr'>dirosque</span> <span class='ocrx_word' id='word_1_163' title='bbox 1726 2829 1913 2946; x_wconf 78' lang='lat' dir='ltr'>-eJutaras</span> 
     </span>
    </p>
   </div>
   <div class='ocr_carea' id='block_1_7' title="bbox 231 2962 1913 3226">
    <p class='ocr_par' dir='ltr' id='par_1_7' title="bbox 231 2962 1913 3226">
     <span class='ocr_line' id='line_1_20' title="bbox 231 2962 1911 3090; baseline 0 -23"><span class='ocrx_word' id='word_1_164' title='bbox 231 2981 236 2994; x_wconf 83' lang='grc'><strong>“</strong></span> <span class='ocrx_word' id='word_1_165' title='bbox 298 3000 369 3077; x_wconf 64' lang='lat'>0‘21„</span> <span class='ocrx_word' id='word_1_166' title='bbox 392 2981 449 3038; x_wconf 49' lang='grc' dir='ltr'>αι’</span> <span class='ocrx_word' id='word_1_167' title='bbox 489 2977 547 3062; x_wconf 88' lang='lat' dir='ltr'>ab</span> <span class='ocrx_word' id='word_1_168' title='bbox 568 2975 655 3062; x_wconf 89' lang='lat' dir='ltr'>imo</span> <span class='ocrx_word' id='word_1_169' title='bbox 676 2971 817 3060; x_wconf 89' lang='lat' dir='ltr'>audiit.</span> <span class='ocrx_word' id='word_1_170' title='bbox 844 2962 891 3053; x_wconf 53' lang='grc' dir='ltr'>(θ)</span> <span class='ocrx_word' id='word_1_171' title='bbox 985 2969 1130 3084; x_wconf 86' lang='lat' dir='ltr'>Locus</span> <span class='ocrx_word' id='word_1_172' title='bbox 1149 2975 1223 3062; x_wconf 84' lang='lat' dir='ltr'>ilie</span> <span class='ocrx_word' id='word_1_173' title='bbox 1247 2973 1317 3080; x_wconf 78' lang='lat' dir='ltr'>diu</span> <span class='ocrx_word' id='word_1_174' title='bbox 1340 2977 1578 3076; x_wconf 83' lang='lat' dir='ltr'>mortalium</span> <span class='ocrx_word' id='word_1_175' title='bbox 1597 2975 1744 3090; x_wconf 83' lang='lat' dir='ltr'>generi</span> <span class='ocrx_word' id='word_1_176' title='bbox 1761 2968 1911 3066; x_wconf 63' lang='lat' dir='ltr'>mitior</span> 
     </span>
     <span class='ocr_line' id='line_1_21' title="bbox 270 3083 1913 3226; baseline 0.001 -28"><span class='ocrx_word' id='word_1_177' title='bbox 270 3086 282 3120; x_wconf 75' lang='lat'><strong><em>⁶</em></strong></span> <span class='ocrx_word' id='word_1_178' title='bbox 307 3083 331 3139; x_wconf 76' lang='lat'>‘&#39;·</span> <span class='ocrx_word' id='word_1_179' title='bbox 358 3083 439 3166; x_wconf 56' lang='lat'>¹¹⁰⁸.</span> <span class='ocrx_word' id='word_1_180' title='bbox 496 3109 561 3224; x_wconf 88' lang='lat' dir='ltr'>sus</span> <span class='ocrx_word' id='word_1_181' title='bbox 585 3107 694 3222; x_wconf 79' lang='lat' dir='ltr'>suit,</span> <span class='ocrx_word' id='word_1_182' title='bbox 712 3130 835 3226; x_wconf 90' lang='lat' dir='ltr'>atque</span> <span class='ocrx_word' id='word_1_183' title='bbox 861 3109 1136 3224; x_wconf 79' lang='lat' dir='ltr'>execrabilis,</span> <span class='ocrx_word' id='word_1_184' title='bbox 1168 3139 1218 3226; x_wconf 83' lang='lat' dir='ltr'>ea</span> <span class='ocrx_word' id='word_1_185' title='bbox 1235 3113 1287 3201; x_wconf 86' lang='lat' dir='ltr'>de</span> <span class='ocrx_word' id='word_1_186' title='bbox 1311 3111 1427 3204; x_wconf 87' lang='lat' dir='ltr'>causa</span> <span class='ocrx_word' id='word_1_187' title='bbox 1448 3115 1580 3212; x_wconf 84' lang='lat' dir='ltr'>multa</span> <span class='ocrx_word' id='word_1_188' title='bbox 1600 3113 1721 3217; x_wconf 87' lang='lat' dir='ltr'>trabe</span> <span class='ocrx_word' id='word_1_189' title='bbox 1742 3103 1913 3225; x_wconf 51' lang='lat' dir='ltr'>presepe</span> 
     </span>
    </p>
   </div>
   <div class='ocr_carea' id='block_1_8' title="bbox 448 3247 1929 4315">
    <p class='ocr_par' dir='ltr' id='par_1_8' title="bbox 475 3247 1917 3620">
     <span class='ocr_line' id='line_1_22' title="bbox 495 3247 1916 3369; baseline 0 -27"><span class='ocrx_word' id='word_1_190' title='bbox 495 3273 591 3363; x_wconf 86' lang='lat' dir='ltr'>tus,</span> <span class='ocrx_word' id='word_1_191' title='bbox 623 3251 785 3366; x_wconf 91' lang='lat' dir='ltr'>quod</span> <span class='ocrx_word' id='word_1_192' title='bbox 759 3280 789 3336; x_wconf 89' lang='grc' dir='ltr'>ιι</span> <span class='ocrx_word' id='word_1_193' title='bbox 792 3254 896 3365; x_wconf 89' lang='lat' dir='ltr'>,qui</span> <span class='ocrx_word' id='word_1_194' title='bbox 919 3277 1018 3346; x_wconf 85' lang='lat' dir='ltr'>¹eum</span> <span class='ocrx_word' id='word_1_195' title='bbox 1045 3265 1209 3354; x_wconf 88' lang='lat' dir='ltr'>temere</span> <span class='ocrx_word' id='word_1_196' title='bbox 1232 3249 1515 3369; x_wconf 81' lang='lat' dir='ltr'>calcavillent,</span> <span class='ocrx_word' id='word_1_197' title='bbox 1536 3256 1609 3344; x_wconf 94' lang='lat' dir='ltr'>illo</span> <span class='ocrx_word' id='word_1_198' title='bbox 1629 3255 1697 3353; x_wconf 83' lang='lat' dir='ltr'>die</span> <span class='ocrx_word' id='word_1_199' title='bbox 1720 3247 1916 3348; x_wconf 56' lang='lat' dir='ltr'>maledic,-</span> 
     </span>
     <span class='ocr_line' id='line_1_23' title="bbox 475 3383 1917 3518; baseline 0.001 -32"><span class='ocrx_word' id='word_1_200' title='bbox 475 3391 622 3486; x_wconf 82' lang='lat' dir='ltr'>&#39;tionis</span> <span class='ocrx_word' id='word_1_201' title='bbox 642 3409 826 3502; x_wconf 86' lang='lat' dir='ltr'>reatum,</span> <span class='ocrx_word' id='word_1_202' title='bbox 848 3409 919 3484; x_wconf 90' lang='lat' dir='ltr'>aut</span> <span class='ocrx_word' id='word_1_203' title='bbox 940 3388 1053 3508; x_wconf 89' lang='lat' dir='ltr'>quod</span> <span class='ocrx_word' id='word_1_204' title='bbox 1073 3383 1260 3495; x_wconf 79' lang='lat' dir='ltr'>scribunt</span> <span class='ocrx_word' id='word_1_205' title='bbox 1281 3391 1637 3512; x_wconf 72' lang='lat' dir='ltr'>alii,1gnominia</span> <span class='ocrx_word' id='word_1_206' title='bbox 1659 3407 1802 3518; x_wconf 76' lang='lat' dir='ltr'>notum</span> <span class='ocrx_word' id='word_1_207' title='bbox 1824 3411 1917 3473; x_wconf 72' lang='lat' dir='ltr'>110ss</span> 
     </span>
     <span class='ocr_line' id='line_1_24' title="bbox 494 3517 827 3686; baseline -0.015 -66"><span class='ocrx_word' id='word_1_208' title='bbox 494 3531 738 3686; x_wconf 84' lang='lat' dir='ltr'>evaderent.</span> <span class='ocrx_word' id='word_1_209' title='bbox 767 3459 827 3618; x_wconf 83' lang='lat' dir='ltr'>(sl</span> 
     </span>
    </p>

    <p class='ocr_par' dir='ltr' id='par_1_9' title="bbox 448 3663 1929 4208">
     <span class='ocr_line' id='line_1_25' title="bbox 639 3663 1919 3794; baseline -0.002 -35"><span class='ocrx_word' id='word_1_210' title='bbox 639 3667 803 3759; x_wconf 88' lang='lat' dir='ltr'>Verum</span> <span class='ocrx_word' id='word_1_211' title='bbox 837 3673 925 3756; x_wconf 79' lang='lat' dir='ltr'>hec</span> <span class='ocrx_word' id='word_1_212' title='bbox 960 3663 1099 3775; x_wconf 90' lang='lat' dir='ltr'>omnia</span> <span class='ocrx_word' id='word_1_213' title='bbox 1135 3668 1289 3764; x_wconf 89' lang='lat' dir='ltr'>multo</span> <span class='ocrx_word' id='word_1_214' title='bbox 1307 3671 1452 3784; x_wconf 83' lang='lat' dir='ltr'>aliter,</span> <span class='ocrx_word' id='word_1_215' title='bbox 1494 3685 1619 3785; x_wconf 86' lang='lat' dir='ltr'>atque</span> <span class='ocrx_word' id='word_1_216' title='bbox 1645 3669 1782 3794; x_wconf 82' lang='lat' dir='ltr'>gella</span> <span class='ocrx_word' id='word_1_217' title='bbox 1775 3663 1919 3782; x_wconf 84' lang='lat' dir='ltr'>fuere,</span> 
     </span>
     <span class='ocr_line' id='line_1_26' title="bbox 495 3789 1919 3922; baseline 0.001 -26"><span class='ocrx_word' id='word_1_218' title='bbox 495 3812 686 3900; x_wconf 86' lang='lat' dir='ltr'>nunciata</span> <span class='ocrx_word' id='word_1_219' title='bbox 706 3805 799 3896; x_wconf 89' lang='lat' dir='ltr'>sunt</span> <span class='ocrx_word' id='word_1_220' title='bbox 820 3798 1035 3918; x_wconf 81' lang='lat' dir='ltr'>Boleslao:</span> <span class='ocrx_word' id='word_1_221' title='bbox 1066 3821 1245 3914; x_wconf 88' lang='lat' dir='ltr'>matrem</span> <span class='ocrx_word' id='word_1_222' title='bbox 1276 3809 1387 3898; x_wconf 88' lang='lat' dir='ltr'>enirn</span> <span class='ocrx_word' id='word_1_223' title='bbox 1423 3789 1732 3898; x_wconf 88' lang='lat' dir='ltr'>aWeneeslao</span> <span class='ocrx_word' id='word_1_224' title='bbox 1756 3836 1835 3922; x_wconf 87' lang='lat' dir='ltr'>per</span> <span class='ocrx_word' id='word_1_225' title='bbox 1859 3809 1919 3898; x_wconf 91' lang='lat' dir='ltr'>in</span> 
     </span>
     <span class='ocr_line' id='line_1_27' title="bbox 472 3943 1923 4076; baseline 0.002 -40"><span class='ocrx_word' id='word_1_226' title='bbox 472 3949 612 4041; x_wconf 79' lang='lat' dir='ltr'>salias</span> <span class='ocrx_word' id='word_1_227' title='bbox 651 3943 854 4048; x_wconf 86' lang='lat' dir='ltr'>occisam,</span> <span class='ocrx_word' id='word_1_228' title='bbox 891 3965 1017 4076; x_wconf 88' lang='lat' dir='ltr'>atque</span> <span class='ocrx_word' id='word_1_229' title='bbox 1051 3945 1095 4032; x_wconf 93' lang='lat' dir='ltr'>in</span> <span class='ocrx_word' id='word_1_230' title='bbox 1119 3943 1358 4036; x_wconf 87' lang='lat' dir='ltr'>barathrum</span> <span class='ocrx_word' id='word_1_231' title='bbox 1379 3947 1580 4042; x_wconf 86' lang='lat' dir='ltr'>destinato</span> <span class='ocrx_word' id='word_1_232' title='bbox 1609 3967 1800 4064; x_wconf 87' lang='lat' dir='ltr'>paratum</span> <span class='ocrx_word' id='word_1_233' title='bbox 1819 3975 1923 4039; x_wconf 87' lang='lat' dir='ltr'>cum</span> 
     </span>
     <span class='ocr_line' id='line_1_28' title="bbox 448 4081 1929 4263; baseline 0.001 -85"><span class='ocrx_word' id='word_1_234' title='bbox 448 4081 450 4085; x_wconf 69' lang='grc'><strong>’</strong></span> <span class='ocrx_word' id='word_1_235' title='bbox 495 4091 615 4208; x_wconf 82' lang='lat' dir='ltr'>equis</span> <span class='ocrx_word' id='word_1_236' title='bbox 649 4090 693 4180; x_wconf 77' lang='lat' dir='ltr'>aa</span> <span class='ocrx_word' id='word_1_237' title='bbox 712 4115 833 4186; x_wconf 85' lang='lat' dir='ltr'>curru</span> <span class='ocrx_word' id='word_1_238' title='bbox 855 4087 1181 4263; x_wconf 74' lang='lat' dir='ltr'>praecipitatam,</span> <span class='ocrx_word' id='word_1_239' title='bbox 1216 4085 1395 4204; x_wconf 87' lang='lat' dir='ltr'>denique</span> <span class='ocrx_word' id='word_1_240' title='bbox 1417 4087 1571 4200; x_wconf 79' lang='lat' dir='ltr'>ingesta</span> <span class='ocrx_word' id='word_1_241' title='bbox 1590 4083 1765 4204; x_wconf 85' lang='lat' dir='ltr'>desuper</span> <span class='ocrx_word' id='word_1_242' title='bbox 1788 4095 1929 4181; x_wconf 83' lang='lat' dir='ltr'>humo</span> 
     </span>
    </p>

    <p class='ocr_par' dir='ltr' id='par_1_10' title="bbox 695 4227 1843 4315">
     <span class='ocr_line' id='line_1_29' title="bbox 695 4227 1843 4315; baseline -0.003 0"><span class='ocrx_word' id='word_1_243' title='bbox 695 4273 697 4280; x_wconf 34' lang='lat' dir='ltr'>v</span> <span class='ocrx_word' id='word_1_244' title='bbox 1718 4227 1843 4315; x_wconf 86' lang='lat' dir='ltr'>obru-</span> 
     </span>
    </p>
   </div>
   <div class='ocr_carea' id='block_1_9' title="bbox 0 0 1977 5030">
    <p class='ocr_par' dir='ltr' id='par_1_11' title="bbox 0 0 1977 5030">
     <span class='ocr_line' id='line_1_30' title="bbox 0 0 1977 5030; baseline 0 0"><span class='ocrx_word' id='word_1_245' title='bbox 0 0 1977 5030; x_wconf 95' lang='lat' dir='ltr'> </span> 
     </span>
    </p>
   </div>
  </div>
 </body>
</html>
