4062 5056
278 373 281 384 ,
383 373 399 430 A.
651 307 924 410 Hosn‘rva'nr
954 339 1060 414 16.'
1163 336 1166 340 ’
1452 337 1526 438 ²55
1661 349 1667 356 ’

102 504 329 600 minimum
361 526 420 590 ex
446 496 672 612 tyronibus
710 521 858 608 agmen
889 495 1086 610 conficit,
1131 523 1180 600 ac
1214 525 1309 588 com
1345 501 1529 617 imperio,
1652 593 1657 596 ,

106 643 284 754 emittit,
320 657 370 728 ut
388 665 465 754 per
487 633 773 726 Curimenlem
795 661 936 748 agrum
957 633 1194 748 grassentur.
1243 633 1526 758 Praefeslura,
1577 647 1580 654 ’

103 782 199 872 data
238 775 411 868 strenuis
444 778 557 865 bello
588 777 762 866 ducibus
793 771 1010 888 Nosrslao,
1036 761 1087 862 (⁶)
1145 778 1190 870 bc
1215 773 1526 896 Rozcbowcio,

105 922 178 1038 qui
200 920 249 1007 ad
276 916 480 1034 Kalendas
499 913 678 1006 Martias
713 913 993 1029 populabundi
1024 911 1069 1004 se
1097 911 1141 1004 se
1174 916 1220 1004 in
1238 917 1526 1012 Curimcusem

103 1059 360 1176 provinciam
381 1052 583 1172 effudere.
624 1049 696 1144 At
717 1067 823 1144 ver'o
846 1049 1091 1142 miserabilis
1105 1073 1193 1144 erat
1216 1082 1265 1146 eu
1288 1059 1527 1178 expeditio·

101 1226 158 1290 ne
183 1195 458 1318 Moravorum
479 1194 696 1305 conditio,
731 1218 811 1280 nec
833 1189 998 1282 felicior
1020 1194 1195 1305 agminis
1216 1193 1369 1288 saciesr
1398 1197 1526 1290 adusti

100 1337 328 1452 frigoribus
352 1337 570 1452 plerique,
606 1323 815 1448 torpeiutia
840 1332 938 1445 gelu
966 1359 1163 1448 corpora,
1199 1335 1390 1426 homines
1412 1334 1525 1429 fame

100 1476 364 1591 semineces,
399 1491 620 1587 propterea
640 1471 752 1586 quod
775 1467 938 1560 insolita
960 1469 1116 1584 frigora
1138 1455 1360 1606 permixtis
1380 1477 1524 1592 vernis

103 1615 313 1703 imbribus
352 1613 552 1722 languore
598 1609 642 1701 δι
694 1606 922 1700 laffitudioe
968 1611 1191 1728 plerosque
1234 1581 1521 1708 confecerant.
1612 1725 1614 1732 ,
1677 1597 1680 1604 ¹

101 1755 333 1877 Comperta
356 1750 510 1840 hostilis
531 1749 745 1838 exercitus
769 1749 1003 1838 calamitate
1023 1750 1180 1866 placuit
1197 1749 1428 1866 Mstibogio
1452 1784 1523 1845 co·

102 1892 413 2011 piasbipartito
441 1868 696 2006 dispefcere:
734 1888 912 1978 alterurn
940 1915 1091 2002 agmen
1121 1890 1289 1994 Cbrudo
1317 1894 1413 2011 uiro
1447 1895 1525 1984 im·
1623 2005 1635 2010 ..
1715 1935 1724 1946 ·

55 2089 59 2096 ·
99 2035 220 2150 pigro
242 2033 468 2143 traditum,
502 2047 553 2121 ut
574 2015 879 2118 circumsessum
900 2056 974 2143 per
996 2047 1191 2120 montana
1211 2029 1439 2123 lutosarum
1464 2061 1522 2124 ex

1 2177 2 2182 '
75 2172 253 2264 'insidiis
276 2171 515 2286 acciperet,
545 2151 818 2283 sugituroque
841 2168 1006 2260 exitum
1027 2169 1328 2287 praeoluderet
1353 2174 1521 2264 alterius
1594 2275 1596 2280 ¹

98 2311 304 2402 summam
325 2337 456 2426 penes
484 2305 527 2396 se
553 2304 684 2423 ipsum
708 2304 791 2396 elle
811 2309 966 2399 voluit.
1074 2307 1172 2400 Nec
1194 2341 1310 2416 mora
1332 2313 1717 2490 Chrudusssuffi⁷

95 2449 360 2542 accelerato
349 2449 501 2538 itinere
521 2449 644 2535 castra
665 2465 846 2538 metatur
866 2443 1296 2540 infraOhebianorum
1318 2473 1567 2555 orontium&
1579 2429 1721 2558 Μὲζῖω,
1790 2535 1798 2560 „

88 2591 220 2706 juga,
255 2587 342 2704 ipse
361 2585 614 2698 Mllibogius
634 2614 730 2682 cum
754 2605 831 2678 vet
833 2614 1053 2678 eranorum
1077 2591 1320 2704 cohortibus
1344 2591 1394 2679 ad
1417 2589 1525 2682 Star·
1597 2677 1604 2690 ,

95 2721 339 2820 lroczium(
323 2715 372 2815 (l)
413 2723 618 2818 assecutus
646 2728 803 2817 hostem
832 2705 1021 2844 prelium
1053 2756 1151 2819 cum
1185 2727 1380 2824 bloravis
1411 2759 1525 2822 com

1 2865 19 2874 ’
94 2867 251 2958 mittit.
360 2863 497 2960 Tanta
527 2866 759 2957 animorum
790 2867 1078 2984 desperatione
1112 2891 1338 2986 pugnatum
1361 2874 1443 2986 est,
1478 2892 1528 2966 ut

94 3003 237 3098 semel
268 3021 390 3124 atque
431 3009 585 3096 iterum
616 3024 734 3096 nauta
762 3007 859 3099 loco
893 3009 982 3099 acie
1004 3005 1164 3101 referre
1184 3013 1362 3128 pedem,
1399 3009 1528 3128 seque

91 3149 147 3237 in
165 3163 304 3234 tutum
324 3145 512 3261 recipere
530 3145 696 3258 coablus
716 3147 778 3237 lit.
885 3143 1039 3237 Tertio
1067 3176 1242 3264 apogna
1264 3151 1333 3240 die
1350 3139 1526 3264 postre·
1659 3175 1660 3180 ‘
1685 3254 1692 3262 ,

85 3301 262 3406 paratas
294 3285 434 3401 copias
464 3303 716 3402 acceptaque
747 3313 858 3394 nova
876 3285 1222 3378 Czaslaviensrum
1255 3284 1524 3380 &Malinen-
1576 3377 1584 3384 ,

81 3432 205 3520 fium
245 3425 395 3516 auxilia
417 3421 706 3549 Starlrocaium
740 3427 853 3520 redit
874 3423 1129 3540 Mstibogius
1163 3429 1317 3521 iterum
1346 3457 1522 3520 ‚manum

80 3561 378 3660 cons'erturus.
425 3579 428 3585 “
488 3562 575 3654 Sed
602 3565 688 3676 jam
714 3559 900 3678 Moravi
933 3567 1203 3660 conclamatis
1247 3569 1364 3662 vobs⁴
1381 3567 1523 3660 Rudo·

78 3712 218 3800 vium
244 3691 298 3788 (‘)
335 3707 457 3794 castra
476 3701 772 3794 transtulerant.
864 3703 972 3796 Eam
991 3709 1146 3799 merito
1168 3711 1439 3802 timiditatem
1465 3737 1525 3796 ra·
1857 3817 1864 3830 ἢ

78 3867 161 3969 tus
165 3841 471 3968 MstibogiuS,
507 3869 677 3974 quoquo
699 3844 869 3934 demum
899 3847 996 3934 loco
1012 3845 1326 4006 'exquirendum
1349 3843 1432 3936 else
1451 3853 1523 3936 bo
1639 3852 1645 3872 ‘
1760 3909 1765 3918 ·

73 3993 194 4082 stem
218 4009 316 4074 oum
337 3985 478 4074 aniano
499 3969 648 4074 statuit.
718 3979 814 4074 Nec
832 3981 930 4075 Rex
944 3979 1154 4076 Moraviae
1172 3988 1296 4078 novis
1321 3983 1521 4104 suppetiis

76 4124 337 4224 exercitum
356 4121 476 4218 suum
494 4120 643 4217 fulcire
662 4123 829 4218 distulit.
940 4119 1104 4220 Verum
1135 4145 1357 4248 autequam
1380 4123 1540 4218 Mora-¹

190 4306 192 4312 .
797 4261 954 4380 ugr
1061 4263 1065 4270 ’
1378 4295 1454 4360 vo
