4054 5030
530 315 608 416 544
1120 304 1290 385 Annua
1323 324 1415 400 935.

512 453 612 536 *liter
638 451 675 532 in
693 449 955 558 Contrafigiisu
980 446 1051 530 iffa
1077 449 1200 555 clypei
1225 477 1379 546 ornnes,
1405 475 1498 552 quos
1520 473 1629 532 ιιιιιιιιι
1653 447 1790 530 finisim
1809 453 1921 558 gerit
1944 457 1980 537 St

532 557 788 647 wenceslaus,
815 551 984 632 omnibus
1029 553 1146 630 rursus
1172 551 1198 629 fi
1229 553 1312 648 nis,
1337 551 1570 668 infiguiirque
1595 577 1730 634 carent.
1805 555 1977 636 Fuim-

533 655 699 734 omniurn
723 652 962 766 deprehendo
1036 579 1239 767 memmi.
1264 653 1302 734 io
1320 653 1730 766 Contmsrgdlosuo8.
1754 651 1975 736 wenceslai

530 759 667 862 clypeo
684 757 838 858 aquilam
857 753 1070 860 unicrpitem
1087 753 1285 867 ιιιίέιιιῑΠε,
1313 777 1353 832 ut
1374 753 1529 932 sigillam
1546 752 1854 868 iithbnffi
1873 785 1975 840 amo

535 885 646 956 1194.
671 857 759 936 dato
831 857 981 960 pensum
1006 854 1045 932 in
1060 855 1229 934 Archrvo
1244 856 1399 936 Meliten
1430 881 1490 932 um
1508 854 1547 934 id
1569 856 1729 934 exhibet.
1804 860 1896 936 Nec
1916 887 1974 938 au·

305 978 506 1064 Rerpbnoerac.
531 959 685 1048 diendus
701 963 797 1066 Berg
846 981 976 1050 uerus,
1000 954 1064 1060 qui
1081 981 1160 1034 earn
1179 956 1333 1057 aquilam
1355 957 1424 1054 iarn
1440 956 1560 1062 sigillo
1575 954 1751 1036 Sobiesiai
1773 959 1898 1038 Ducis
1915 961 1975 1037 tri-
2007 978 2018 997 “

309 1079 447 1152 1.p.17.
532 1057 638 1155 buit,
662 1084 776 1160 equo
798 1081 877 1135 eam
898 1057 1012 1138 abeffe
1033 1057 1098 1134 suo
1114 1055 1466 1152 locoostendemua,
1534 1055 1661 1133 (irtam
1681 1057 1731 1134 ob
1753 1059 1903 1138 causam
1920 1087 1973 1140 au·

534 1184 607 1244 tern
623 1160 662 1238 id
672 1159 814 1278 primus
841 1159 966 1238 fecerit
985 1159 1209 1238 ottocarus}
1240 1155 1384 1236 numid
1406 1157 1479 1252 ejus
1493 1155 1581 1254 jussu
1605 1155 1734 1234 fream
1746 1162 1767 1236 Ιἓ
1803 1186 1858 1240 an
1886 1163 1972 1240 scul-

531 1285 621 1440 ptor
639 1261 779 1354 iruussus
797 1259 934 1360 suoque
950 1257 1098 1336 arbitrio
1116 1255 1260 1352 fecerit,
1278 1259 1359 1361 quis
1375 1281 1512 1336 certum
1531 1257 1678 1336 statuat}
1702 1258 1739 1336 Si
1756 1261 1973 1353 corrieffirrz

546 1387 631 1440 ocus
650 1359 933 1456 concedendusi,
961 1359 1106 1438 fortasis
1131 1357 1219 1439 inde
1243 1384 1362 1437 ortum
1389 1359 1489 1438 suurn
1506 1359 1643 1437 habet:
1670 1360 1774 1460 quod
1796 1361 1969 1442 testenmr

562 1461 670 1562 nique
686 1463 878 1566 scriptores
897 1485 1160 1563 nonnunqum
1181 1459 1351 1562 Aquilam
1368 1463 1485 1540 albam
1509 1485 1592 1537 curn
1610 1485 1723 1540 aureo
1744 1463 1869 1566 capite
1885 1491 1970 1566 pro-

533 1490 676 1666 digiose
693 1565 795 1667 super
811 1561 946 1642 uexillo
962 1563 996 1640 S.
1014 1564 1069 1642 W
1070 1560 1219 1639 euceslai
1235 1561 1343 1642 uisam
1363 1561 1401 1639 in
1418 1559 1573 1665 preliis,
1601 1563 1917 1664 quemadmodum
1934 1565 1969 1640 id
2025 1601 2026 1608 ι

268 1745 273 1754 ,
308 1658 508 1750 rarlkavaeMſs
534 1661 1259 1744 adnuc›fi1b0uocar011.faaumfnisse
1287 1661 1426 1740 testatur
1442 1663 1685 1740 Puikavasub
1713 1689 1792 1743 eam
1817 1663 1970 1759 cladem,
2025 1665 2026 1668 ‘

535 1791 605 1865 qua
623 1769 820 1870 Hungaros
838 1763 986 1843 attrivit.
1062 1761 1104 1840 ld
1119 1787 1283 1842 certum:
1313 1761 1395 1866 post
1415 1761 1614 1840 Przimidai
1638 1762 1733 1840 istius
1752 1765 1929 1842 Otrooari
1943 1771 1970 1841 1.
2025 1775 2026 1780 ’

534 1889 702 1968 tempora
722 1893 791 1942 nec
807 1888 888 1945 aute
905 1861 1121 1966 opinionem
1141 1863 1237 1940 illam
1258 1862 1464 1957 inolevisse:
1490 1871 1641 1970 Αᾳαίὶιιιιι
1658 1865 1718 1940 seu
1732 1869 1765 1942 S.
1788 1865 1972 1943 Wencea·

532 1965 599 2057 lai,
628 1969 687 2042 seu
705 1964 885 2064 ipfiramer
901 1968 1061 2041 Ducntus
1080 1963 1260 2038 Bohemiae
1284 1965 1400 2064 prima
1418 1963 1572 2067 insrgnia
1592 1963 1697 2039 fuisse.
1761 1963 1851 2036 Posi
1873 1990 1974 2041 cen-

532 2089 608 2141 turn
627 2069 663 2140 dt
682 2061 945 2237 quinquaginta
961 2087 1074 2138 annos
1092 2063 1170 2137 hcc
1187 2061 1314 2162 opinio
1336 2063 1406 2156 iarn
1430 2088 1567 2142 tantrun
1587 2062 1791 2141 confitente
1805 2059 1904 2155 suit,
1929 2090 1974 2142 nt
2025 2159 2026 2162 Ἴ

532 2168 688 2262 joannes
710 2167 786 2240 Rex
803 2165 854 2238 Bo
867 2162 983 2246 remia
1001 2158 1149 2265 publico
1167 2159 1364 2264 diplomate
1383 2189 1462 2241 non
1488 2161 1702 2242 dubitauerit
1717 2159 1878 2262 aquilam
1896 2191 1972 2268 pro

528 2267 635 2343 armis
652 2268 710 2342 seu
729 2267 863 2368 clypeo
879 2266 912 2340 S.
937 2261 1144 2340 Wencesiai
1170 2265 1377 2366 agnoscere.
1459 2269 1556 2341 Nam
1582 2263 1770 2370 Ugheliius
1789 2263 1899 2341 ltaliae
1920 2267 1969 2343 sa·

532 2393 597 2448 cra
615 2371 742 2443 Tomo
764 2369 805 2443 V.
826 2363 1007 2468 prodacto
1025 2359 1171 2458 Joannis
1201 2364 1438 2448 instrumento
1466 2364 1512 2440 de
1540 2391 1640 2442 anno
1667 2389 1777 2462 1339.
1806 2365 1967 2444 restaurat

531 2467 643 2546 fecit:
674 2471 851 2563 Joannern
871 2469 1008 2569 Regem
1038 2462 1191 2541 Boemiae
1215 2463 1371 2542 Nicolao
1393 2463 1616 2543 Tridentino
1642 2467 1829 2568 Episcopo
1855 2467 1969 2570 Capi·

531 2571 683 2668 taloque
709 2573 855 2671 Aquilam
876 2591 1044 2664 tanquam
1063 2573 1215 2641 Arma&
1240 2571 1399 2642 Weucrsiri
1421 2571 1580 2666 Martyris
1600 2569 1742 2670 ejusdem
1763 2578 1856 2672 regni
1881 2571 1964 2666 nudi

533 2677 660 2745 Patroni
675 2669 801 2770 gloriosi
811 2697 891 2742 nunc
906 2669 1049 2740 vocantia
1067 2664 1277 2742 concedisse.
1329 2663 1548 2766 Gunnquanr
1568 2665 1766 2758 deforma,
1794 2677 1833 2746 δι
1847 2670 1964 2744 colore
2025 2697 2026 2758 3

375 2815 377 2822 ·
533 2764 1699 2968 ιιιἰιιιιιιιιιιιιιιιιιιιῑιιιῑιιι
1720 2765 1963 2948 arana

701 2911 719 2942 ‘²
764 2925 776 2954 e
816 2953 821 2961 ,
1584 2923 1595 2957 1

563 2997 622 3044 um
648 2967 868 3057 candidum,
895 2966 970 3041 aliis
994 2967 1162 3058 rubrum,
1188 2963 1263 3043 aliis
1295 2966 1453 3067 denique
1482 2969 1688 3046 flammeum
1715 2968 1962 3072 pretendenti-

533 2999 609 3149 Eus.
676 3069 772 3146 Curn
790 3091 904 3168 porro
923 3067 1089 3142 authores
1108 3064 1146 3142 hi
1165 3066 1346 3169 originem
1368 3067 1468 3161 hrrjus
1484 3067 1608 3170 equile
1625 3065 1855 3171 ignorarent,
1871 3068 1962 3148 indi·

534 3169 735 3250 versrffimas
761 3167 881 3244 abiere
911 3165 1128 3258 sententia,
1164 3167 1261 3243 aliud
1287 3193 1396 3268 atque
1424 3167 1518 3246 uliud
1545 3167 1579 3244 ei
1616 3168 1842 3272 principium
1869 3169 1963 3248 meris

535 3269 767 3364 conjecturis,
788 3295 835 3346 ne
854 3267 972 3344 dicam
997 3252 1165 3360 somniis}
1183 3268 1424 3370 exquirenren
1500 3267 1713 3361 Dalernilus,
1739 3295 1779 3344 ut
1808 3271 1849 3347 in
1873 3274 1963 3350 rebus

535 3369 709 3467 eiusmodi
733 3368 1026 3473 argumentosus,
1052 3375 1088 3446 dc
1107 3368 1318 3464 conjedaris
1352 3369 1478 3470 quibus
1508 3396 1553 3446 ue
1577 3369 1701 3461 facilis,
1729 3378 1870 3473 primus
1891 3398 1964 3447 om·

534 3470 634 3549 niunr
654 3469 819 3549 connisus
849 3468 899 3546 est
922 3467 1023 3564 hujus
1044 3467 1168 3567 aquila
1193 3469 1376 3583 originem
1405 3468 1492 3560 inre
1522 3470 1624 3574 igere
1650 3495 1761 3572 atque
1782 3471 1832 3548 ad
1855 3470 1964 3576 poste·
2015 3491 2022 3507 ·

535 3571 674 3648 ritatem
694 3569 933 3648 transcribere.
997 3571 1086 3645 Non
1108 3570 1166 3646 ilie
1183 3575 1336 3671 aquilam
1363 3568 1510 3672 quidem
1531 3570 1625 3647 ads.
1645 3571 1860 3652 Weneeslai
1883 3597 1966 3650 tem·

535 3700 648 3777 pora,
676 3673 733 3748 sed
766 3672 888 3747 saeculo
916 3691 989 3746 uno
1019 3668 1190 3770 posterius
1214 3671 1259 3750 ad
1289 3669 1471 3748 ssrzerisiai
1496 3671 1607 3766 Ducis
1639 3671 1753 3748 nostri
1786 3671 1968 3776 imperium

535 3775 718 3878 pertinere
741 3771 869 3860 docet,
897 3795 1002 3870 quam
1030 3767 1185 3873 originis
1205 3771 1450 3850 narrationem
1478 3797 1534 3850 tot
1559 3771 1721 3876 aspergit
1744 3773 1896 3863 fabulis,
1920 3797 1968 3851 ror
2025 3779 2026 3782 ’

458 3899 463 3909 ’
535 3873 639 3951 vitiat
655 3870 944 3973 Chronologicis
965 3871 1172 3960 erroribus,
1199 3897 1236 3947 ut
1253 3873 1317 3950 suo
1343 3873 1383 3951 se'
1401 3870 1540 3950 indicio
1561 3871 1666 3949 sorex
1683 3873 1851 3985 prodat,
1875 3878 1970 3957 &lu-

538 3977 696 4053 culenter
715 3999 854 4050 mertun
873 3985 1120 4050 commentum
1144 3971 1213 4050 esse
1239 3971 1415 4051 ostendat.
1494 3978 1628 4051 Narrat
1644 3971 1753 4076 iguur
1773 3977 1974 4078 obreptum

479 4167 482 4173 Ι
538 4074 720 4169 Judirham
748 4075 884 4172 (quam
909 4096 1101 4174 perperam
1122 4073 1278 4158 ΙΟιιιιιιὶιι
1304 4073 1537 4175 Imperatoris
1566 4073 1675 4149 filiam
1703 4072 1817 4172 fucit)
1845 4081 1975 4155 beilum

541 4175 769 4255 Brzetislaum
797 4175 889 4250 inter
910 4181 946 4250 ot
959 4173 1142 4251 Ottonem
1159 4177 1420 4275 Imperatorem
1443 4173 1552 4253 Mirm
1570 4172 1758 4272 nomine,
1784 4203 1823 4254 ιιι
1841 4177 1896 4252 iile
1920 4174 1976 4252 io·

1827 4275 1920 4376 quit,
