4054 5030
435 377 451 398 .
529 336 566 418 S.
591 331 972 416 Watecesanaaa.
1406 340 1481 436 643

50 485 195 592 Aquilae
220 483 322 578 huius
342 479 568 562 mentionem
588 483 625 560 in
649 481 797 564 nemine
820 479 1012 562 Dubrario
1037 479 1211 586 scriptore
1237 480 1350 560 saculi
1374 483 1487 562 medii

48 594 155 672 XVI.
173 585 366 666 vetustiore
385 585 552 672 hedenus
575 581 811 685 deprehendi.
881 583 941 661 Sic
959 608 1048 661 vero
1069 581 1129 662 ille
1153 583 1235 684 post
1254 609 1314 677 ea,
1342 609 1419 684 quae
1436 587 1488 661 su·

105 689 175 768 rius
193 713 238 765 ex
255 686 319 764 illo
335 709 472 764 narrata
491 685 590 764 sunt:
615 687 709 784 Juffia
731 685 859 784 (Otto)
878 688 1028 786 postrenus
1053 682 1097 761 el*
1123 689 1183 784 inst
1197 689 1248 760 niu
1268 685 1329 784 fin
1355 679 1697 764 isleras-Dalmatia.

46 721 138 892 gut
146 795 235 894 serra
253 795 374 894 facem
392 791 533 904 spallam
549 797 583 862 in
603 792 699 898 clypeo
716 789 862 863 candido.
922 783 1041 862 Quod
1062 781 1145 898 poll
1160 713 1385 898 llubrarium
1406 811 1486 863 cer-

45 891 153 972 tatim
177 912 300 966 omnes
316 885 453 980 nostra,
479 910 521 962 ac
540 889 630 989 plen
660 912 704 962 ue
723 907 928 964 exterorum
946 887 1149 988 amplexata.
1215 885 1385 962 Balbmus
1411 885 1602 982 beonnam,
1624 914 1644 981 ι,
1661 933 1689 983 1,

1 1085 7 1095 Ι
46 993 97 1070 de
127 991 260 1092 clypeo
287 985 589 1100 locupletillimam
617 913 813 1099 adornavit·
834 983 1137 1098 dill'ertatiooem,
1165 985 1346 1098 heretquc
1366 983 1516 1066 ubivisc.
1527 1013 1556 1082 7.
1564 1019 1597 1085 p.
1611 1013 1662 1080 30.

44 1114 140 1176 raum
165 1113 235 1166 tres
266 1088 423 1180 lluvros,
454 1113 544 1164 num
574 1088 727 1188 aqualem
758 1112 916 1190 primum
944 1088 1102 1164 Ducatua
1133 1087 1315 1162 Bohemne
1345 1082 1487 1188 infigne

46 1189 253 1272 concedere
270 1186 423 1301 debeat!
451 1184 681 1301 Opinionem
694 1187 740 1264 de
760 1187 870 1265 tribus
887 1184 1005 1266 fluviis
1021 1185 1165 1288 prolixe
1180 1188 1387 1362 Parrell.p.
1404 1196 1488 1266 161.

47 1300 89 1372 δι
107 1293 207 1391 seqq.
222 1287 462 1385 refutaremus.
543 1291 595 1365 At
611 1313 719 1386 marus
741 1286 884 1394 pondus
908 1313 985 1366 non
1004 1287 1141 1366 haberat
1169 1313 1318 1388 quaque
1368 1313 1490 1366 emum

51 1418 73 1470 a
103 1387 235 1468 nostris
260 1413 332 1492 pro
353 1386 479 1489 aquilo
506 1385 763 1466 adstruuntur:
806 1415 888 1466 cum
927 1411 1065 1467 certum
1104 1385 1416 1488 indubitatumque
1449 1389 1490 1466 fit
1630 1425 1632 1430 ·

52 1485 233 1589 eiusmodi
250 1491 465 1592 clypeorum
484 1485 789 1582 Prouincialium,
815 1485 1144 1580 hereditariorum,
1169 1485 1419 1586 stabili-umque
1435 1512 1492 1566 ra·

48 1595 193 1692 tionem
214 1588 331 1666 adhuc
349 1588 398 1664 illi
416 1587 504 1664 aetari
522 1587 622 1666 fuill'e
641 1587 875 1694 incognitam.
942 1593 994 1666 llt
1016 1612 1106 1668 vero
1154 1590 1245 1666 affim
1265 1585 1380 1666 nollri
1400 1612 1491 1665 con-

46 1689 206 1772 tendunt
229 1689 324 1766 hauc
346 1687 499 1789 aquilem
524 1691 557 1768 S.
586 1691 807 1769 Wenceslao
834 1687 874 1768 in
902 1687 1037 1768 vexillo
1062 1686 1112 1766 fu·
1143 1713 1163 1766 e
1189 1688 1234 1768 ab
1265 1691 1490 1805 Imperatore
1553 1719 1562 1730 ·

48 1789 254 1870 concessam
265 1845 278 1884 ,
302 1785 389 1866 hinc
405 1788 519 1868 hodie
535 1786 640 1868 etiarn
656 1793 808 1894 sulgon
830 1788 1028 1894 pidloribus
1053 1789 1224 1868 vexillum
1252 1787 1491 1964 aquila-hipra

46 1888 232 2003 infigniri.
285 1892 515 1992 Argumento
536 1887 603 1966 illis
620 1888 681 1984 ell,
699 1889 801 1990 quod
817 1888 944 1968 vetusti
965 1887 1100 1992 quique
1118 1890 1285 1967 authores
1303 1888 1341 1968 in
1358 1889 1418 1968 fen

41 1990 196 2076 nexillis
223 1988 266 2066 ab
296 1988 575 2092 imperatoribus
593 1989 748 2068 concedi
777 1989 887 2067 solitis
913 1991 1125 2092 plerumque
1151 1988 1331 2068 adstruant
1356 1987 1488 2092 aquilas

48 2094 164 2201 pidas
186 2111 344 2166 testesve
373 2089 633 2192 comparuille,
659 2089 967 2190 quemadmodum
995 2088 1034 2166 id
1057 2087 1175 2170 verbis
1201 2092 1363 2193 exprelhs
1387 2088 1488 2168 tella·

47 2221 109 2274 tur
136 2193 231 2266 Saxo
257 2188 545 2264 Grammaticus:
580 2193 756 2266 thadaaeus
793 2191 977 2286 Barbaroffls
1004 2197 1211 2292 Rogatianum
1233 2190 1277 2266 Εἴ
1303 2175 1566 2290 Cufiarirumffix'
1587 2183 1690 2284 &aaa

47 2293 330 2389 latiufirlemnt'trr
399 2293 488 2376 usas,
513 2292 613 2360 Duces
626 2291 738 2363 Slaut'ae
760 2284 819 2382 (id
838 2285 888 2362 est
905 2287 1139 2384 Pomeraniae)
1164 2293 1337 2387 appellauit.
1417 2264 1709 2364 Sed”'⁰'·¹·¹5·h¹¹4·

46 2410 285 2502 praeterquam
299 2383 359 2461 Fri
387 2383 500 2460 ericus
516 2383 719 2461 Barbarolla
742 2386 787 2462 ad
810 2383 970 2462 seculum
994 2388 1077 2461 xla
1132 2385 1312 2478 ertineur,
1346 2385 1414 2480 jam
1442 2352 1573 2463 adnm

48 2515 186 2576 manum
204 2500 291 2600 2²8·
322 2483 472 2598 copiose
498 2481 714 2597 ottendimus
732 2483 835 2562 falsos
853 2507 1018 2597 quosque
1039 2412 1203 2579 nodia,
1228 2483 1290 2586 qui
1305 2484 1488 2580 vexillum,

51 2591 157 2698 quod
176 2612 284 2664 errem
300 2585 492 2685 antiquitus
519 2609 558 2664 m
575 2583 736 2662 dextram
754 2585 788 2662 S.
806 2585 1014 2662 Weuccslsr
1031 2610 1176 2663 manum
1195 2583 1315 2662 datum
1333 2583 1401 2682 est,
1424 2613 1487 2664 ve·

52 2723 133 2774 rum
151 2688 336 2778 vexillum,
353 2683 586 2772 banneriam.
610 2709 670 2763 eut
691 2684 1007 2763 feudo-vexillum
1030 2686 1130 2784 elle3
1164 2685 1371 2787 ibidemque
1397 2711 1487 2792 pro-

50 2793 216 2876 bavimus
238 2785 330 2864 nihil
355 2785 449 2864 aliud
477 2785 547 2864 esse
572 2809 678 2885 quam
701 2786 923 2888 temporibus
945 2785 1011 2863 illis
1033 2788 1189 2866 castratam
1216 2790 1375 2866 lanceam
1402 2815 1484 2865 curn

49 2892 269 2980 flammula,
295 2886 357 2964 seu
382 2885 515 2964 hallam
548 2885 754 2978 falcinraru,
786 2913 863 2986 quae
895 2885 1064 2964 omnibus
1099 2887 1205 2966 certis
1234 2887 1484 2990 flebilibusque
1493 2895 1604 2961 Carolus
1628 2897 1692 2962 Du·

50 2993 161 3098 signis
190 2989 356 3102 carebat,
374 2986 467 3102 'inde
485 3011 603 3064 autem
622 3011 759 3101 nomen
774 2991 933 3100 flnmmulr'
953 2986 1102 3093 indepta
1123 2989 1201 3084 est,
1227 2987 1329 3090 quod
1357 3017 1402 3069 ex
1425 2979 1580 3066 ru-frvsne
1593 2982 1713 3082 innGnfi
1804 3049 1808 3058 .

51 3101 126 3178 beo
151 3092 268 3167 seraco
285 3113 384 3191 ignea
404 3094 440 3165 δι
464 3086 676 3168 coruscantrs
695 3091 828 3166 colons
854 3085 959 3166 fascia
974 3089 1060 3166 ellet
1080 3091 1264 3179 confecta,
1289 3119 1365 3190 quae
1381 3089 1548 3167 hastam
1561 3069 1649 3128 Auru

51 3189 340 3374 {ppentcllebatun
382 3287 393 3364 i
425 3191 467 3263 ln
494 3189 561 3266 hac
584 3184 910 3365 deniquelfrascia,¹
935 3217 1012 3303 qne
1037 3217 1082 3364 ep
1111 3190 1204 3365 hastsa
1222 3193 1255 3267 S.
1277 3152 1614 3268 Wencesta'd‘“''”'”·

54 3315 259 3474 ..aalma
272 3317 379 3468 llll
395 3313 659 3492 {lablelli}
673 3313 1059 3504 hblllhsszlsl
1072 3315 1489 3504 ll‘lclillmsdldlss

54 3493 150 3574 licet.
206 3491 365 3566 Ornatus
380 3489 482 3566 cauli
504 3488 626 3566 daretne
647 3488 792 3588 quadam
810 3487 986 3584 decollata,
1005 3492 1124 3580 clatra,
1141 3515 1362 3592 cratrumque
1382 3491 1488 3570 mllar

55 3591 198 3701 pondis
216 3585 395 3666 mediisin
426 3589 499 3666 hoc
517 3590 700 3667 flammula
718 3591 777 3666 seu
797 3589 900 3666 fascia
921 3591 1146 3694 spedanrur,
1170 3591 1271 3691 quod
1297 3591 1489 3670 uniformi·

58 3719 111 3775 ter
131 3697 169 3773 in
187 3687 354 3768 ornnibus
372 3691 518 3772 Ducum
538 3689 742 3770 nostrorum
765 3688 924 3794 figillisa
950 3693 1111 3769 llolesluo
1134 3691 1200 3769 Pio
1225 3691 1407 3770 ordiendo
1432 3720 1490 3768 us·

86 3822 130 3874 ue
154 3791 200 3872 ad
224 3792 437 3870 Ottocarum
456 3793 499 3866 ll.
528 3792 759 3885 observatur,
784 3817 892 3891 quem
920 3791 1078 3894 primum
1109 3791 1348 3895 deprehendo
1375 3791 1417 3868 in.
1438 3793 1489 3870 fa-

58 3824 163 3974 letam
183 3897 328 3970 leonem
348 3887 542 3968 affumfilse.
612 3889 735 3968 (duam
756 3916 920 3968 normam
940 3891 1063 3993 postea
1082 3891 1235 3972 servavit
1254 3895 1489 3972 wenceslaus

58 4019 236 4093 uterque.
271 3992 355 4070 dum
382 3987 525 4066 demum
548 3993 704 4084 Joannes
725 3995 816 4084 Rex,
832 3991 972 4096 penitus
995 3991 1158 4094 depolira
1180 3995 1248 4072 hac
1281 3995 1401 4072 lancea
1434 3993 1488 4071 fa,-

53 4095 176 4186 'sciuta
203 4089 239 4202 in
261 4089 421 4168 dextram
440 4089 573 4168 nudum
592 4089 723 4194 vagina
741 4119 953 4170 mucronem
977 4091 1148 4185 alsumlir,
1173 4093 1275 4193 quod
1292 4095 1397 4174 etiam
1414 4092 1488 4170 ser·-
1611 4161 1614 4169 .

59 4195 158 4278 ravit
181 4192 274 4272 filaus
294 4189 366 4290 ejus
385 4193 537 4274 Carolus
559 4191 951 4372 posteassomanorum
969 4197 1170 4299 Imperator
1188 4194 1307 4280 aaut.
1384 4193 1489 4275 Simi-

751 4319 877 4374 mmm
905 4319 952 4376 a.
1358 4294 1440 4376 tius
1534 4328 1538 4344 ·
