3896 5046
422 302 504 378 ¹140
750 277 754 290 ’
806 215 810 228 ⁸
999 276 1191 359 ,Annua
1227 287 1313 377 872.

429 445 587 566 „mihi
617 435 790 538 defuiss'e
825 443 1075 564 potestatem
1098 441 1140 530 id
1162 443 1326 557 pridem
1357 439 1560 551 audendi,
1598 437 1712 558 quod
1730 457 1778 532 tu
1798 441 1860 532 in-

428 657 459 700 „
479 584 603 700 jull'us
625 581 796 676 sceleste
817 583 1038 682 attentasti.
1112 576 1184 670 At
1208 608 1316 672 uero
1338 577 1551 670 camillem
1578 581 1721 696 culpa,
1760 609 1855 672 cum

422 795 457 840 „‚
482 726 605 815 hollis
616 723 748 828 filium
766 719 1044 839 peremillem,
1055 719 1137 812 tibi
1155 710 1721 844 dominumfflrincitemque
1738 737 1859 810 tuum

426 915 459 982 ·„
482 866 680 956 occidere
702 863 818 958 nullo
844 890 1023 980 unquam
1041 859 1135 975 jure
1153 861 1287 952 licuit.
1388 855 1599 952 Postulalli
1618 859 1733 952 enim
1752 887 1857 952 vero

422 1075 459 1121 ,,
480 1005 707 1123 impudens
727 1005 856 1096 etiam
877 1031 954 1120 pro
978 997 1137 1114 scelere
1157 1003 1398 1117 praemium;
1434 1001 1478 1090 id
1498 1030 1602 1094 vero
1633 999 1719 1115 jam
1750 1002 1856 1096 habe

192 1147 271 1296 ἔω
287 1171 330 1215 ’²¹⁰
317 1156 386 1214 om
431 1218 458 1262 ‚‚
483 1167 611 1265 atque
640 1145 762 1236 audi.
796 1139 934 1238 Penes
967 1161 1090 1234 tuum
1110 1141 1329 1232 arbitrium
1364 1169 1493 1232 unum
1517 1143 1734 1236 extribus
1769 1143 1856 1242 esto

215 1257 266 1296 ''¹'’
266 1257 351 1304 amur
426 1357 456 1403 „
481 1285 752 1403 supplicium,
787 1281 861 1372 seu
877 1310 935 1372 ex
967 1309 1070 1398 rupe
1091 1289 1167 1374 hac
1184 1280 1511 1373 Willehradensr
1535 1301 1582 1372 te
1605 1283 1655 1372 da
1674 1283 1857 1400 praecipi

423 1496 458 1544 ,
440 1447 596 1538 tem,
633 1424 932 1538 ceruicemque
958 1423 1068 1514 inter
1101 1419 1195 1514 saxa
1224 1423 1448 1538 pendentia
1473 1423 1653 1538 collide,
1687 1419 1762 1542 seu
1778 1421 1858 1514 tuo'

431 1635 459 1680 „
429 1493 826 1682 ’M’iplemucrone
815 1588 1019 1678 impuram
1051 1589 1227 1678 corpore
1250 1565 1430 1656 exturba
1452 1561 1657 1677 animam,
1694 1531 1770 1654 seu
1785 1563 1856 1654 de

423 1775 459 1822 .„
482 1709 610 1822 nique
650 1722 818 1802 tuomet
853 1703 1016 1816 gutturi
1057 1703 1224 1798 innodie
1255 1705 1464 1821 laqueum.
1488 1771 1517 1818 ‚,
1626 1699 1859 1820 Expalluit,
1946 1747 1947 1808 ι

428 1847 770 1962 contremuitque
800 1844 850 1934 ad
882 1853 952 1934 has
972 1839 1177 1959 Principis
1207 1871 1339 1936 voces
1372 1841 1613 1962 Duringm,
1650 1845 1695 1936 dt
1727 1845 1861 1934 altum

275 2060 279 2068 ,
327 2009 329 2014 ’
427 1985 629 2104 suspirans
662 1985 869 2099 ingemuit
900 2011 994 2072 cum
1023 1983 1161 2078 diuo:
1199 2051 1227 2096 „
1248 1980 1467 2076 Perditum
1504 1985 1596 2078 mel
1633 1985 1707 2103 qui
1729 1986 1858 2101 impe·

429 2193 459 2240 „
482 2147 589 2240 tum,
612 2154 697 2217 non
720 2126 924 2218 rationem
949 2123 1110 2216 ducem
1130 2119 1298 2219 secutus
1323 2123 1429 2218 sum.
1464 2121 1624 2216 Infelix
1648 2123 1856 2240 fallaxque

411 2334 461 2380 -n
484 2264 708 2358 somnium!
745 2266 858 2383 quod
892 2291 1036 2368 vanam
1075 2261 1191 2382 spent
1224 2295 1320 2356 cum
1351 2267 1595 2380 ingentibus
1614 2263 1777 2356 divitiis
1798 2285 1856 2355 at-

433 2475 461 2518 „
485 2433 567 2524 que
589 2407 820 2504 ditionibus
845 2407 945 2494 mihi
968 2407 1226 2504 mendaciter
1250 2407 1440 2506 obtrusrt.
1461 2475 1489 2520 „
1566 2403 1663 2495 Nec
1675 2405 1761 2518 jam
1782 2405 1858 2494 mi-

420 2545 664 2660 l'ericordiae
686 2547 827 2641 locum
847 2543 930 2636 elle
951 2529 1235 2666 cognoscem,
1273 2577 1331 2640 ex
1358 2548 1518 2664 laqueo.
1540 2563 1587 2640 ut
1604 2563 1854 2658 moreretur,

431 2688 606 2824 delegit,
679 2681 839 2786 Praeter
859 2715 1023 2784 moram
1046 2685 1370 2803 comprehensus
1390 2717 1412 2774 a
1435 2687 1653 2778 lidloribus
1674 2701 1859 2800 raptatur

433 2854 458 2918 e
478 2813 657 2922 concilio
677 2823 913 2925 senatorum
931 2828 982 2924 ad
1006 2827 1253 2941 condignam
1276 2852 1471 2948 poenam,
1507 2825 1657 2923 misere
1675 2829 1863 2942 aelbmns,

198 3003 233 3064 n
251 3003 313 3066 ιιι
322 2995 384 3080 ss
431 2995 555 3085 quam
574 2963 830 3084 potillimum
860 2967 1051 3056 arborem
1070 2965 1274 3084 supplicio
1298 2967 1370 3060 suo
1394 2969 1585 3062 destinet.
1694 2963 1868 3058 Alnum

194 3083 335 3171 ἩΨΨΨ·
432 3111 614 3202 tandem
625 3107 782 3204 ceteris
804 3108 1012 3228 praetulit,
1048 3107 1250 3228 lenteque
1272 3106 1465 3204 inserto
1454 3139 1498 3205 m
1529 3109 1689 3210 collum
1711 3109 1864 3225 laqueo

434 3252 631 3342 debitam
647 3249 815 3344 aeternis
840 3247 1091 3342 cruciatibus
1112 3253 1291 3342 animam
1311 3249 1431 3342 elifit.
1459 3238 1516 3334 (τ)
1570 3245 1747 3364 Alnus,
1762 3277 1867 3366 quo-

434 3391 488 3476 ad
511 3391 702 3500 duravit,
737 3391 841 3482 novi
877 3388 997 3500 hujus
1021 3410 1150 3508 atque
1172 3389 1390 3490 insolentis
1413 3387 1573 3481 studius
1592 3391 1771 3486 retinuit
1788 3417 1866 3480 no·
1898 3502 1902 3517 Ι

433 3554 560 3644 men
598 3527 788 3642 didtnque
806 3531 867 3618 est
887 3523 1129 3641 Duringica.
1168 3518 1339 3622 Audlor
1354 3533 1414 3622 est
1435 3526 1619 3643 Joarmes
1636 3529 1780 3649 Klipta
1808 3515 1873 3616 (d)

433 3669 496 3760 in
511 3670 585 3764 suo
619 3694 821 3764 annorum
855 3673 1160 3762 commentario
1194 3681 1297 3762 hanc
1330 3673 1470 3768 alnum
1507 3699 1562 3762 eo
1585 3674 1672 3764 loci
1693 3669 1869 3794 sterille,

431 3797 543 3906 unde
580 3807 706 3905 hodie
738 3810 850 3902 aedes
886 3812 1004 3910 Divo
1035 3807 1277 3908 Adalberto
1303 3811 1414 3905 sacra
1446 3809 1763 3910 Willehradum
1799 3841 1870 3908 re·

426 3949 561 4068 spicit.
588 3944 634 4046 (⁶)
998 3999 1001 4006 ·

585 4103 593 4153 l

1514 4184 1520 4194 .
1676 4147 1887 4348 ΑΝ...
