4062 5056
560 385 638 464 ιη
1132 361 1297 445 nanus
1323 369 1412 455 883·
1548 319 1551 327 Ι

517 611 522 616 .
559 529 618 620 lio
644 525 779 621 veluti
798 551 824 620 e
846 527 959 620 coelo
985 525 1179 640 deciduo,
1282 523 1378 613 Nec
1402 547 1519 612 mora
1539 513 1736 612 ferialem
1756 519 1980 622 Will'elrra·

558 665 658 758 dum
679 697 773 758 cunr
798 671 944 756 amaris
966 668 1100 756 mittit
1118 664 1296 776 litteris,
1335 663 1485 779 quibus
1511 665 1668 750 hollem
1690 665 1882 762 declarat
1902 669 1978 760 Ho

556 807 769 918 stivitorn,
808 807 934 922 elque
966 805 1123 892 bellum
1152 803 1336 892 nunciat.
1444 795 1622 890 Arnon
1643 808 1803 916 reperit
1824 805 1978 928 Thraso

556 947 625 1036 hic
648 947 824 1062 amplius
845 943 1050 1050 muliebre
1063 954 1080 1056 ,'
1111 966 1158 1030 ac
1179 961 1300 1030 metu
1334 940 1535 1056 palpitans
1556 937 1740 1030 Neklani
1771 968 1847 1036 cor
1870 945 1980 1038 Wis-

478 1193 483 1202 ο
555 1081 738 1199 semodi,
777 1082 1014 1174 Hostivitus
1034 1082 1187 1198 quippe
1207 1079 1372 1168 audacia
1393 1100 1568 1191 turgens
1601 1075 1741 1169 feriali
1774 1091 1982 1179 truculen-

414 1224 416 1234 ’
555 1225 733 1313 tioribus
753 1225 877 1312 minis
904 1219 1138 1337 respondit:
1185 1261 1216 1332 ,·,
1236 1221 1324 1308 iret.
1342 1245 1473 1330 vero,
1508 1215 1765 1332 referretque
1783 1223 1980 1316 Sulosla.

526 1426 529 1434 ·
557 1391 695 1475 „vot
737 1361 880 1450 ensem
911 1359 1029 1448 suurn
1056 1358 1163 1447 haud
1206 1359 1359 1469 alium,
1403 1383 1526 1472 quam
1565 1356 1651 1466 ejus
1675 1355 1777 1444 fitire
1806 1355 1980 1472 sangui.

556 1561 587 1613 ,‚
606 1507 732 1586 nem:
723 1564 781 1614 ‚‚
801 1487 863 1584 ()
918 1499 1061 1614 itaque
1091 1495 1324 1586 insanabilis
1354 1497 1534 1584 hominis
1563 1494 1757 1583 stadiorus
1783 1501 1982 1609 pervica-

558 1639 664 1726 ciam
699 1633 964 1748 HollivituS,
1024 1635 1179 1725 condis
1208 1631 1282 1723 sub
1321 1635 1431 1748 srgna
1463 1635 1668 1724 militibus
1699 1635 1898 1752 tantilper
1932 1641 1977 1732 ad

323 1773 542 1863 Eandem*
532 1771 677 1892 egra
700 1778 803 1866 vada
824 1795 1038 1888 moratur,
1073 1775 1173 1865 dum
1192 1772 1454 1863 Slauuiborus
1477 1767 1754 1886 PlsoWenlis,
1774 1773 1975 1869 Krzezus·

314 1867 497 2014 {3215ss
499 1879 521 1920 α
556 1945 638 2036 que
657 1913 900 2004 Bodinensrs
925 1943 1020 2002 cum
1045 1913 1126 2001 luis
1148 1909 1330 2002 adessent
1363 1913 1619 2002 cohortibus.
1728 1910 1825 2003 Iis
1814 1947 1858 2004 ro
1878 1943 1970 2008 tem

553 2083 658 2174 pore
686 2052 1101 2168 supervenientibus,
1130 2047 1446 2167 transmissoque
1467 2047 1658 2140 secundis
1680 2054 1801 2142 vadis
1824 2075 1965 2146 torren-

555 2213 604 2284 te
629 2193 802 2282 flumine
843 2191 925 2280 line
958 2217 1075 2279 mora
1107 2191 1300 2304 inopinus
1338 2192 1597 2306 minimeque
1623 2192 1826 2305 previsus
1848 2195 1959 2284 callro

557 2329 805 2422 Suioslavio
826 2329 1076 2421 admovetur
1107 2331 1348 2440 exercitus,
1381 2349 1534 2444 praeter
1559 2349 1853 2421 trecentorum
1876 2333 1966 2452 capi-

555 2459 644 2562 turn
666 2471 828 2560 turbam
863 2469 1146 2585 praefidiariam
1175 2465 1422 2560 Sokoslaum
1451 2467 1585 2584 ipsum
1618 2494 1714 2558 curn
1736 2469 1968 2565 Krosmielo

555 2606 860 2700 erlovicensr
891 2611 998 2698 intra
1030 2609 1172 2700 nruros
1209 2607 1391 2696 habenti.
1500 2607 1783 2700 Circumsellae
1801 2617 1965 2729 undique

446 2739 451 2746 ’
555 2749 654 2860 arci,
687 2775 781 2834 cum
812 2743 1045 2836 Bilinenses
1074 2747 1280 2834 nonnulle
1303 2773 1350 2832 ac
1381 2743 1741 2854 Kiadoslavienses
1773 2754 1971 2869 copiaein

487 2937 491 2943 -
554 2885 754 2974 auxilium
778 2881 995 2998 festinant,
1031 2881 1228 3000 oppresse
1258 2883 1374 2974 illico
1401 2883 1738 3002 aPragensrbuS,
1774 2885 1975 2983 Bodineo

469 3130 477 3140 ,
552 3025 676 3134 srbus,
710 3018 1105 3140 Plsovensrbusque‚
1142 3043 1189 3112 ut
1210 3025 1405 3139 perpauci
1426 3027 1582 3136 nonnisi
1602 3025 1699 3139 fuga
1726 3025 1906 3123 salutem
1928 3035 1977 3121 ira

437 3192 447 3206 “
551 3163 762 3255 venirent.
837 3161 1075 3276 Sukoslaus,
1096 3181 1222 3252 utres
1241 3161 1330 3252 suas
1351 3161 1558 3252 sumnrurn
1579 3165 1622 3253 in
1646 3163 1874 3262 discrimen
1892 3200 1974 3287 pro·

553 3301 682 3417 lapsas
716 3297 863 3414 senfit‚
900 3303 1156 3417 colloquium
1190 3329 1287 3392 cum
1319 3297 1533 3393 Hostivito
1567 3305 1760 3419 exposcit
1799 3307 1977 3400 fassurus

556 3439 857 3553 deditionem,
902 3438 1237 3556 servitutemque
1269 3441 1476 3555 passurus,
1584 3442 1656 3532 At
1689 3449 1978 3540 conditionum

556 3578 690 3696 capita
716 3575 1025 3689 proferentibus
1047 3575 1288 3692 responsum
1309 3583 1360 3668 ab
1380 3579 1622 3672 Hostivito:
1658 3652 1686 3696 „
1697 3581 1802 3675 Non
1824 3587 1868 3678 se
1889 3614 1995 3702 ege·>

479 3741 484 3748 ·
538 3791 585 3838 -n
607 3745 653 3806 re
677 3714 863 3828 deditiis,
886 3718 958 3834 qui
980 3720 1206 3806 recedente
1230 3721 1420 3832 periculo
1445 3722 1495 3808 ad
1517 3721 1731 3835 perfidiam
1752 3729 1987 3842 redeant„
1983 3750 1995 3774 ·

554 3859 689 3954 Erue
716 3851 955 3946 Hostivitos
977 3856 1163 3948 rediret
1152 3886 1196 3945 ιιι
1224 3859 1422 3972 gratiam,
1456 3868 1645 3950 hortator
1675 3867 1866 3958 mraxime
1903 3885 1994 3960 erat

328 4002 399 4071 nn
403 4003 518 4067 reatum
555 3999 757 4092 Krzezus
832 3993 986 4087 Tertio
1008 3999 1336 4113 oppugnationis
1354 4000 1422 4088 die
1446 4003 1617 4090 castrum
1639 4005 1684 4094 vi
1704 4009 1898 4124 capitur
1929 4007 1994 4097 iu·

327 4095 447 4176 capitur

555 4137 815 4314 terliciuntur
847 4137 1080 4253 praesidiarii
1118 4137 1169 4230 ad
1202 4163 1329 4230 unum
1363 4166 1511 4232 omnes
1543 4137 1616 4232 seu
1637 4149 1894 4266 negligente
1925 4146 1993 4242 seu

1836 4287 1930 4378 dis-
