3932 5030
380 421 384 430 .
428 375 432 382 ’
525 365 561 458 S,
597 359 888 448 Wemcrscnr
921 386 955 462 5.
1010 431 1013 442 .
1064 389 1066 396 ⁴
1380 375 1453 466 565

12 539 109 639 hacc
142 531 310 636 vultum
342 529 663 652 sermonemque
699 530 750 629 ad
785 555 983 645 proceres
1001 527 1097 619 suos
1118 546 1233 630 retro
1257 524 1456 624 sedentes

15 675 231 786 dirigens,
263 671 376 762 infit:
413 739 441 792 ,‚
461 667 617 762 Estote
644 671 761 772 hilari
792 673 931 758 animo
953 671 1103 784 amici,
1134 671 1178 762 dc
1202 668 1317 764 cibis
1329 693 1449 784 potu

14 881 47 930 ‚,
66 839 153 929 que
168 839 338 906 mecum
357 801 610 928 postremum
634 835 807 927 corpora
834 831 1038 908 recreate.
1152 807 1263 899 Nam
1284 837 1370 910 non
1394 811 1453 900 ul·
1528 807 1545 850 ⁵

15 1020 48 1068 „
67 973 134 1042 tra
155 953 279 1042 uobis
264 953 499 1096 obtinget
520 979 689 1041 mecum
712 951 844 1040 refici.
949 953 1074 1064 Grac,
1105 949 1305 1058 srChristi
1323 951 1454 1063 gratia

1 1074 49 1208 '‚‚
68 1119 142 1186 nae
162 1119 248 1184 non
264 1057 428 1184 'descrit
436 1117 581 1211 ,cras,
604 1093 797 1208 inquam,
830 1089 874 1180 in
894 1071 1118 1206 pervigilio
1138 1077 1245 1182 Divi
1265 1085 1454 1182 Michae

18 1233 121 1346 „lis
144 1233 232 1322 vita
256 1257 334 1350 pro
354 1233 516 1324 Christo
537 1232 727 1347 ponenda
753 1232 812 1320 est
824 1217 1017 1360 ,speque
1041 1251 1156 1330 certa
1186 1233 1328 1345 erigor
1346 1238 1456 1321 hunc

18 1438 47 1484 ‚,
67 1372 252 1462 coelestis
273 1369 449 1476 Paradisr
475 1366 746 1486 Prae‘posrtum
767 1373 810 1472 in
833 1396 979 1460 uranus
1003 1373 1255 1462 redemtoris
1276 1364 1363 1462 mei
1383 1371 1483 1488 spi·

18 1511 197 1636 ,ritum
218 1515 361 1599 meum
384 1511 646 1608 traditurum.
674 1497 727 1598 (ι)
831 1507 999 1602 Idcirco
1021 1515 1307 1631 urausquisque
1328 1537 1454 1627 poco:

17 1717 49 1768 „
67 1649 158 1737 lum
186 1645 347 1748 suum
335 1677 380 1739 m
411 1641 659 1742 memoriam
690 1646 897 1766 Principis
931 1647 1203 1765 Angelorum
1227 1653 1369 1764 bibat,
1404 1669 1453 1754 ut

18 1855 49 1903 ‚‚
65 1815 139 1878 me
158 1815 324 1906 vosque
340 1792 386 1878 in
407 1812 561 1897 eterna
584 1785 849 1892 tabernacula
866 1789 1115 1884 transuehat.
1105 1859 1162 1907 .‚,
1189 1783 1254 1899 (s)
1326 1788 1454 1883 Men·

17 1928 69 2018 fis
92 1929 271 2024 renuatis
289 1929 333 2016 in
355 1932 597 2044 proximum
621 1931 771 2045 palatio
795 1933 1003 2047 templum
1025 1919 1138 2022 D'eo
1147 1929 1342 2036 ultimum
1365 1927 1453 2048 sup·
1468 1915 1663 2049 calmana

17 2067 249 2188 plicaturos
280 2065 514 2182 secedens,
567 2071 702 2162 mittit
741 2066 995 2180 Podivinmn
1035 2068 1253 2168 servorum
1284 2055 1547 2164 suorums‘s‘

16 2203 277 2316 fidiffimum,
306 2210 596 2323 comitemque
620 2195 905 2324 indipiduuin,
941 2211 1014 2328 qui
1036 2208 1296 2302 sacerdotem
1316 2241 1454 2303 aecer·
1507 2229 1510 2232 ’

17 2341 93 2434 sat.
201 2339 389 2436 Dctcrsrs
423 2343 623 2454 arroasiae
654 2348 756 2435 virae
788 2349 860 2436 vel
897 2345 1112 2440 levissimis
1142 2349 1317 2440 maculis
1338 2349 1382 2440 se
1408 2349 1452 2442 so

20 2481 164 2598 gratia
196 2481 352 2571 diuina
364 2482 553 2610 integre
575 2483 773 2592 conciliat
787 2481 1069 2644 ,rursumque
1092 2487 1142 2576 ad
1164 2489 1369 2603 ternplum
1391 2517 1453 2582 re

20 2621 207 2738 persam,
267 2623 318 2710 ad
352 2624 601 2714 matutinum
636 2649 769 2740 usque
802 2651 968 2740 pernox
998 2627 1041 2716 in
1076 2627 1274 2745 precibus
1306 2627 1454 2746 perdu-

21 2781 109 2871 rat,
130 2691 207 2855 Ι’(ι)
233 2733 372 2851 donec
404 2761 665 2854 sacerdotum
686 2773 836 2856 chorus
858 2767 1082 2870 matutinas
1104 2763 1203 2861 Deo
1222 2768 1365 2859 laudes
1384 2773 1455 2861 de·

21 2897 279 2992 cantavisset
391 2897 489 2993 Post
515 2901 629 3022 quod
662 2905 799 2997 nodiis
835 2901 1041 3023 spatium,
1071 2905 1381 3008 discedentibus
1403 2912 1455 3002 ad

22 3038 90 3140 sua
115 3040 267 3166 templi
289 3039 510 3158 ministriS,
542 3041 629 3161 ipse
651 3045 696 3134 in
714 3046 920 3158 vestibulo
942 3042 1139 3140 Ecclefiae
1161 3050 1206 3140 in
1229 3079 1365 3166 genua
1382 3081 1455 3146 ve,

22 3181 148 3270 stibus
172 3181 279 3269 nuda
298 3182 573 3300 provolutus,
607 3211 838 3304 manusque
862 3187 906 3277 ia
930 3189 1086 3280 coelum
1117 3191 1298 3282 tendens
1317 3188 1454 3310 supre-

4 3306 139 3413 ‘mum
172 3345 330 3410 numen
363 3319 572 3440 adoravit,
622 3319 812 3442 spiritum
845 3323 1004 3418 suurn
992 3357 1035 3417 m
1064 3325 1092 3420 s
1093 3319 1324 3422 mcirffimas
1363 3333 1453 3446 ejus

22 3485 166 3548 manus
189 3461 503 3570 commendans,
530 3396 589 3558 (s)
694 3459 773 3562 Ad
794 3469 973 3583 primam
1005 3497 1162 3562 amorre
1185 3471 1325 3570 lucem
1345 3473 1455 3564 adest
1469 3503 1557 3584 ιιιιι
1557 3485 1607 3566 ιι
1590 3503 1659 3568 c·

24 3593 240 3714 sacerdos,
271 3600 326 3688 de
344 3599 461 3714 cujus
484 3601 676 3696 manibus
702 3604 892 3699 divinum
917 3611 1114 3728 epulum,
1147 3611 1291 3726 idest,
1332 3587 1650 3706 νὶιιιί-ῙῙ“””[’ιιι

27 3765 121 3874 curu
143 3739 390 3840 aeternitatis
407 3744 585 3881 accepia
678 3739 795 3834 Mox
817 3749 865 3836 ad
891 3751 1073 3864 priorem
1099 3751 1294 3842 vestibuli
1315 3753 1455 3858 lucum
1477 3773 1482 3780 '

30 3877 217 3972 reversus
246 3879 300 3970 de
333 3881 520 4014 poplite,
555 3880 814 4000 triumphans
836 3875 995 4002 ueluti,
1032 3889 1289 3982 exclamavit
1308 3894 1350 3984 in
1371 3921 1456 3991 cce·

28 4013 135 4106 lum:
193 4085 221 4132 „
258 4015 453 4112 Tandem
491 4024 631 4113 onmia
664 4025 817 4116 mortis
850 4030 1188 4122 terriculamenta
1224 4035 1332 4124 vici!
1370 4059 1457 4129 tan-

30 4221 57 4278 „
73 4157 201 4278 dem,
231 4177 280 4252 ut
302 4161 441 4280 cupii,
480 4161 723 4257 sacrificium
753 4161 852 4258 Deo
878 4172 1041 4288 optimo
1069 4175 1256 4266 mammo
1275 4175 1369 4268 fieri
1391 4209 1458 4299 pas

597 4301 704 4400 ,Bb
720 4305 791 4398 bb
834 4337 860 4430 3
1285 4385 1315 4434 ‚‚
1332 4345 1392 4408 ra·
