3932 5030
595 279 629 361 S.
659 275 949 387 Wrrrctsrrr
970 301 1013 362 ι.
1074 361 1079 367 ,
1448 301 1515 382 5²3
1650 391 1654 398 Α

92 468 214 566 aeque-
244 463 436 566 optutum
469 445 645 558 accidit,
681 463 807 560 atque
839 470 897 538 ex
927 437 1233 558 provocatione
1263 467 1359 548 curn
1377 439 1518 536 Wen

93 589 234 688 ceslao
269 613 477 703 pugnare,
532 583 770 675 timiditatis
805 581 1060 678 incurrendae
1091 579 1198 693 apud
1228 573 1324 686 suos
1357 587 1517 674 macula

93 727 380 820 conditionem
415 723 605 839 accipere
632 743 790 840 prope·
815 723 972 834 coegit
1086 717 1398 808 Conventunr
1387 723 1517 834 ugitur

90 868 290 984 utrinque
323 865 638 979 stipulatumque
672 859 861 973 nunciis,
893 889 950 950 ne
979 857 1166 976 quisquis
1196 858 1366 947 demum
1395 861 1517 950 miles

77 991 280 1097 'alterutri
309 997 465 1098 labanti
493 1002 601 1118 parri
637 997 879 1090 succurrere
904 999 1147 1116 presumat,
1185 1022 1312 1112 quare
1339 1017 1518 1116 uterque

88 1145 305 1234 exercitus
342 1143 393 1266 cd
425 1151 576 1258 pagum
611 1136 903 1230 Hrusslrolrlrti
928 1124 974 1225 (¹)
1011 1137 1087 1228 teli
1113 1133 1227 1248 justu
1260 1140 1516 1232 abinvicem

85 1277 292 1396 sejunclus
308 1285 437 1370 castra
461 1280 606 1371 metari
624 1275 766 1391 jussura
1239 1349 1244 1356 .

234 1417 327 1532 Iam
345 1421 445 1508 nihil
464 1418 681 1510 onustatus
702 1411 989 1531 Wenceplaus
1008 1439 1119 1530 equo
1137 1414 1318 1528 eleganti
1335 1415 1515 1507 insidens

86 1557 132 1647 in
155 1585 347 1673 campum
368 1554 572 1654 Martium
596 1555 822 1670 egreditur.
929 1549 1104 1644 Drslaus
1128 1573 1272 1646 contra
1290 1583 1400 1673 equo
1424 1545 1511 1674 bel·¹
1524 1569 1674 1641 ursum-r
1638 1593 1766 1725 opp

85 1695 223 1788 latore
254 1693 456 1786 ferociter
488 1695 659 1786 verius
653 1719 767 1788 cum
800 1694 962 1853 impetu
992 1697 1248 1810 prorumpit·
1287 1713 1330 1786 nt
1361 1684 1558 1784 miram*
1523 1681 1670 1818 ,ηὲρῖᾗω
1671 1665 1733 1824 ῥζ,

80 1831 220 1926 libito
249 1833 382 1926 scenae
402 1835 699 1926 mutationem!
734 1861 815 1924 nec
831 1832 945 1924 enirn
967 1827 1235 1948 prestolatus,
1254 1835 1354 1925 dum
1362 1833 1514 1925 Wen
1518 1837 1604 1913 Μ·

47 1975 248 2066 cesinas
281 2003 390 2063 arma
426 1974 690 2088 consereret,
728 1957 921 2090 ab·equo
957 1996 1142 2090 praeceps
1169 1973 1213 2062 in
1252 1999 1387 2088 genua
1416 2003 1511 2090 pro·

85 2113 276 2230 cumbit‚
299 2109 584 2232 nudatumque
606 2113 748 2204 ensem
767 2115 886 2202 humi
904 2109 1104 2224 dejiciens
1120 2113 1350 2202 exclamat}
1390 2104 1512 2228 „Vir

86 2250 241 2366 „Deii
258 2245 432 2362 gratiam
463 2252 683 2365 impertire
709 2251 856 2344 clienti
884 2269 975 2340 tuo
1080 2245 1149 2340 En
1179 2249 1279 2340 rirae
1310 2253 1513 2366 necisque

1 2415 353 2508 ‘,nnper1um
374 2388 418 2476 in
438 2389 628 2476 manibus
648 2387 732 2478 tuis
756 2389 856 2477 ello.
965 2385 1093 2476 Tolle
1112 2389 1194 2476 tibi
1212 2384 1512 2542 Principatunn

86 2559 218 2648 „quo
239 2527 434 2618 merlonus
457 2525 608 2616 fruitus
628 2524 742 2640 sirm,
783 2523 971 2616 concede
993 2525 1168 2639 vivere,
1202 2497 1258 2616 &
1272 2529 1345 2616 vel
1364 2527 1512 2620 infimo

87 2669 303 2783 „clientis
335 2661 421 2757 elle
451 2667 562 2757 loco.
596 2725 625 2780 ‚,
681 2594 813 2754 ’Ad
844 2691 970 2782 quem
1008 2663 1104 2753 miti
1140 2665 1386 2782 humilique
1399 2687 1510 2760 voce

84 2803 394 2896 Wenceslaus:
430 2874 460 2922 „
480 2801 580 2896 Non
602 2805 704 2894 mihi
709 2801 796 2895 sed
821 2803 980 2894 Cluilio
1002 2801 1174 2894 fratrum
1195 2805 1373 2922 optime,
1395 2809 1512 2925 quid·
1643 2849 1647 2856 ·

86 3007 115 3061 „
133 2946 232 3061 quid
250 2945 391 3056 gratiae
410 2944 636 3062 predicar,
669 2945 817 3037 dobes,
922 2941 1046 3034 Habe
1066 2945 1149 3034 tibi
1173 2965 1292 3036 tuum
1314 2949 1509 3065 tranquil·
1598 3019 1611 3034 ,

85 3086 196 3198 „lus
219 3079 789 3202 Principamm,eademqr1e
814 3109 916 3244 pace
939 3085 1164 3172 finitimum
1185 3103 1304 3174 tuum
1324 3091 1390 3178 uti
1412 3113 1509 3179 con
1628 3128 1631 3136 ·

85 3291 115 3338 ,‚
134 3217 253 3318 cede.
241 3289 307 3337 .„
413 3221 535 3312 Illico
558 3223 749 3341 utrisque
781 3225 913 3342 copiis
944 3223 1219 3315 immundatis
1254 3225 1422 3368 datum,
1458 3229 1510 3320 au

81 3361 163 3454 sua
177 3365 330 3480 quietae
349 3363 548 3452 redirent.-
575 3351 632 3450 (ἢ)
1265 3421 1274 3454 ,
1588 3455 1594 3464 ,

229 3495 298 3590 At
322 3526 426 3590 vero
460 3501 666 3616 praeliator
685 3522 863 3620 uterque
893 3496 1093 3620 Princeps
1117 3489 1392 3593 Zidomiriunr
1415 3521 1511 3620 pro«

78 3633 185 3732 sesti
214 3635 524 3730 conditionibus
557 3667 648 3732 rem
683 3642 886 3764 egmunt,
925 3661 973 3732 ut
1009 3645 1221 3758 perpetuis
1245 3644 1508 3758 temporibus

81 3775 280 3870 inuiolata
302 3809 383 3896 pax
403 3779 648 3894 persisteret
740 3774 829 3870 Hic
852 3779 1139 3872 Wenceslaus
1162 3784 1421 3873 occasionem
1440 3812 1507 3874 au·

80 3943 253 4031 cupatur
283 3921 429 4009 Christi
464 3918 730 4032 Religionem
759 3917 910 4026 Drsluo
942 3919 1183 4036 persuadere
1220 3923 1352 4038 erepit
1389 3937 1505 4013 tanta

74 4055 309 4172 schcmate,
345 4077 394 4152 ut
421 4059 460 4150 is
482 4061 752 4178 polliceretur
785 4058 825 4148 se
860 4057 903 4148 se
924 4086 1021 4154 cum
1043 4063 1159 4156 numi
1178 4062 1334 4180 populo
1358 4055 1431 4150 suo
1451 4055 1503 4158 ari

739 4197 785 4290 U
799 4229 864 4292 uu
902 4191 962 4292 α’
1206 4263 1212 4274 ·
1297 4202 1433 4292 cun·
1488 4241 1493 4254 ·
