3984 5036
542 332 596 406 24
1111 304 1280 384 Annus
1316 317 1401 400 857·

305 473 498 640 uliud
543 456 572 589 ‚,'
595 464 809 592 excidill'e
798 533 858 584 ,‚
965 463 1060 559 Ad
1074 475 1163 558 lraec
1189 467 1261 557 ille
1289 469 1573 558 consternatos
1605 465 1788 558 multum
1821 467 1968 590 animo,

364 645 514 729 magara.
543 612 816 720 hilaritatem
822 631 964 730 tamen
999 610 1124 702 vultu
1157 605 1411 722 effingebat,
1447 607 1746 726 pollicitusque
1775 609 1833 696 est
1856 611 1967 702 ador·

543 769 736 841 naturum
765 749 810 841 se
844 777 942 838 cum
977 745 1228 865 amplillimis
1260 751 1502 840 muneribus
1524 747 1809 863 legationem,
1845 779 1964 866 quam

542 891 776 981 confideret
808 891 935 978 finem
967 890 1081 978 bello
1115 887 1328 978 fracturam.
1442 885 1662 980 Videbunt
1697 888 1861 1004 cuncti,
1899 893 1968 1012 qul

538 1031 734 1146 aderant,
786 1055 836 1120 ea
863 1030 1162 1146 nundinatione
1193 1055 1333 1146 neque
1360 1055 1507 1144 pacem
1542 1047 1776 1119 mercatum
1810 1029 1887 1146 iri,
1924 1033 1965 1126 81

538 1168 653 1288 polle
683 1171 959 1285 largitionem.
975 1173 1019 1260 in
1050 1167 1351 1285 aliudquidvis
1378 1169 1520 1258 utilius
1542 1168 1685 1284 perdi3
1722 1167 1794 1258 sed
1816 1173 1962 1264 ceden-

405 1399 411 1404 .
539 1313 642 1400 dunt
670 1337 826 1425 nempe
861 1307 943 1398 suit
974 1311 1120 1424 pavori
1148 1331 1234 1400 tam
1267 1309 1508 1400 contumaci
1533 1303 1765 1424 PrincipiS,
1803 1313 1874 1427 qui
1897 1315 1961 1404 vel

537 1449 641 1538 belli
669 1476 825 1538 nomen
853 1446 973 1556 instar
1004 1448 1131 1536 cladis
1161 1449 1350 1539 duceret.
1458 1443 1679 1538 Nominati
1703 1447 1860 1565 statim,
1898 1455 1962 1571 qui

541 1589 649 1678 dona
673 1585 835 1676 ferrent
857 1583 1087 1676 Procerum
1106 1587 1253 1702 primi,
1280 1589 1500 1706 depromta
1522 1615 1690 1706 quoque
1714 1616 1886 1680 munera
1911 1622 1961 1684 ex

539 1723 868 1819 Willelrradenfi
886 1754 1008 1840 gaza:
1045 1753 1186 1816 aurum
1210 1729 1260 1818 ad
1278 1727 1372 1842 justi
1388 1729 1537 1818 militis
1559 1729 1723 1844 pondus
1754 1729 1958 1846 libratum,

538 1897 596 1962 ex
617 1867 973 1984 Principisequili
994 1869 1143 1975 decem
1167 1868 1393 1959 bellatores
1416 1865 1529 1987 equi,
1572 1895 1628 1958 ex
1651 1875 1961 1962 arrnameutario

538 2009 834 2128 quinquaginta
858 2015 1049 2098 thoraces
1072 2006 1212 2124 picei,
1234 2009 1502 2126 totidemque
1524 2007 1664 2098 loricae
1686 2013 1958 2124 cataphracla.

538 2152 647 2242 cnm
670 2149 785 2238 hisce
810 2149 938 2238 rebus
955 2145 1137 2265 profedli
1160 2149 1211 2238 ad
1233 2146 1521 2238 Wlallislaum
1540 2149 1694 2260 legati,
1728 2148 1960 2269 admiffique

537 2313 625 2382 nou
654 2289 926 2380 mediocriter
959 2287 1156 2380 exterriti
1189 2287 1308 2403 lunt,
1344 2289 1419 2379 ubi
1441 2285 1674 2378 Wlastislai
1699 2285 1808 2378 lellae
1832 2319 1961 2382 aurea

536 2427 751 2520 insidentis
773 2429 881 2546 quasa
904 2425 1155 2518 fulmineum
1176 2429 1452 2546 contemplati
1476 2426 1570 2517 lunt
1597 2429 1773 2519 uultum.
1823 2425 1961 2522 Prelio

535 2557 725 2664 nonnihil
746 2589 910 2660 terrore
942 2568 1164 2682 legationis
1202 2595 1375 2658 munera
1404 2569 1640 2683 explicant,
1678 2567 1964 2690 supplicesque

535 2735 708 2826 pacem,
743 2710 1024 2825 amicitiaque
1053 2707 1215 2800 foedera
1241 2707 1486 2824 exposcunt.
1595 2706 1809 2798 Subticuit
1836 2711 1888 2798 ad
1920 2739 1964 2801 ea

409 2879 411 2884 ·
535 2847 739 2965 paulisper
748 2845 1030 2964 Wlastislaus‚
1052 2868 1143 2941 tum
1168 2877 1273 2939 vero
1297 2849 1409 2939 imit:
1446 2917 1475 2964 ,‚
1498 2843 1699 2966 Princeps
1720 2852 1858 2942 vester
1881 2847 1971 2942 Nex

536 3055 566 3110 ,‚
589 2988 733 3080 klanus
745 2985 1375 3104 plenusinconfideratillrmaeac
1388 2987 1971 3082 dementillinraetemeritatis

533 3197 563 3248 ,‚
587 3153 761 3220 munera
784 3139 872 3220 haec
891 3129 1014 3244 mifir,
1049 3155 1142 3248 quae
1164 3157 1234 3222 me
1260 3149 1453 3221 nontam
1480 3129 1703 3247 placatum,
1739 3117 1810 3220 le'rl
1833 3133 1971 3248 magis

532 3337 561 3389 ,‚
585 3271 802 3388 magisque
823 3271 1030 3362 irritatum
1045 3269 1231 3374 reddant.
1307 3267 1509 3383 Intelligo
1531 3267 1651 3384 lane,
1685 3299 1767 3360 nec
1785 3299 1971 3372 ¹omnem

533 3471 564 3528 „
589 3432 680 3496 eam
697 3435 838 3521 gazam
860 3403 1246 3502 Willehradensem
1269 3407 1378 3524 elle,
1417 3437 1539 3528 quam
1561 3411 1629 3500 hic
1649 3412 1846 3526 intueor,
1886 3427 1971 3504 nee

501 3655 504 3661 ¹
533 3545 738 3666 „equilis
771 3547 858 3664 sui,
909 3551 1296 3668 arratamentariique
1321 3550 1537 3643 summam.
1646 3551 1841 3642 Auferte
1879 3563 1971 3646 hec

533 3755 561 3810 ,‚
584 3680 854 3809 Principique
886 3687 1024 3780 vestro
1046 3689 1235 3806 reddite,
1272 3689 1447 3782 srmul
1410 3719 1451 3781 er
1475 3691 1647 3782 nornine
1663 3721 1764 3784 meo
1786 3695 1971 3805 gratiam

532 3895 562 3950 ,‚
585 3829 763 3946 habete,
801 3827 875 3951 qui
906 3849 996 3922 tant
998 3851 1033 3922 a
1072 3853 1185 3948 gaze
1223 3829 1299 3922 suae
1335 3831 1573 3956 proditione
1611 3835 1738 3925 etiam
1772 3835 1971 3928 animum

531 4035 561 4091 ,,
585 3992 727 4064 meunt
750 3968 992 4066 incitaverit
1007 3953 1182 4134 amplios
1192 4039 1209 4094 ‚
1248 3973 1499 4093 oreximque
1520 3971 1775 4091 prolerrerit3
1812 3997 1971 4069 mone

532 4131 629 4234 „te
662 4133 761 4206 eum
787 4113 942 4208 iterum
974 4133 1101 4235 atque
1129 4112 1286 4210 iterum
1319 4115 1559 4234 diligenter,
1589 4123 1701 4210 lraec
1728 4131 1971 4237 ceteraque

850 4305 856 4320 '
1635 4329 1640 4336 ·
1750 4321 1778 4376 11
1801 4283 1900 4348 ⁰¹¹¹·
