<?xml version="1.0" encoding="UTF-8"?>
<!DOCTYPE html PUBLIC "-//W3C//DTD XHTML 1.0 Transitional//EN"
    "http://www.w3.org/TR/xhtml1/DTD/xhtml1-transitional.dtd">
<html xmlns="http://www.w3.org/1999/xhtml" xml:lang="en" lang="en">
 <head>
  <title>
</title>
<meta http-equiv="Content-Type" content="text/html;charset=utf-8" />
  <meta name='ocr-system' content='tesseract 3.04.00' />
  <meta name='ocr-capabilities' content='ocr_page ocr_carea ocr_par ocr_line ocrx_word'/>
</head>
<body>
  <div class='ocr_page' id='page_1' title='image "./wenceslaihageka00libogoog_0264.png"; bbox 0 0 4062 5056; ppageno 0'>
   <div class='ocr_carea' id='block_1_1' title="bbox 428 271 1483 454">
    <p class='ocr_par' dir='ltr' id='par_1_1' title="bbox 428 271 1483 454">
     <span class='ocr_line' id='line_1_1' title="bbox 428 271 1483 454; baseline -0.013 -27"><span class='ocrx_word' id='word_1_1' title='bbox 428 271 432 280; x_wconf 25' lang='grc'>1</span> <span class='ocrx_word' id='word_1_2' title='bbox 538 365 618 446; x_wconf 72' lang='lat'>²30</span> <span class='ocrx_word' id='word_1_3' title='bbox 706 447 712 454; x_wconf 23' lang='grc'>1</span> <span class='ocrx_word' id='word_1_4' title='bbox 989 273 997 300; x_wconf 60' lang='grc'>’</span> <span class='ocrx_word' id='word_1_5' title='bbox 1101 331 1483 429; x_wconf 67' lang='grc' dir='ltr'>Διιιιιι1887Ι</span> 
     </span>
    </p>
   </div>
   <div class='ocr_carea' id='block_1_2' title="bbox 218 471 1966 2148">
    <p class='ocr_par' dir='ltr' id='par_1_2' title="bbox 538 471 1958 764">
     <span class='ocr_line' id='line_1_2' title="bbox 538 471 1958 628; baseline -0.005 -25"><span class='ocrx_word' id='word_1_6' title='bbox 538 529 714 628; x_wconf 84' lang='lat' dir='ltr'>utraque</span> <span class='ocrx_word' id='word_1_7' title='bbox 733 522 851 622; x_wconf 86' lang='lat' dir='ltr'>parte</span> <span class='ocrx_word' id='word_1_8' title='bbox 872 520 1063 622; x_wconf 85' lang='lat' dir='ltr'>campum</span> <span class='ocrx_word' id='word_1_9' title='bbox 1081 471 1315 590; x_wconf 82' lang='lat' dir='ltr'>latillimurn</span> <span class='ocrx_word' id='word_1_10' title='bbox 1337 511 1501 614; x_wconf 82' lang='lat' dir='ltr'>patere:</span> <span class='ocrx_word' id='word_1_11' title='bbox 1518 494 1681 584; x_wconf 82' lang='lat' dir='ltr'>naunfi</span> <span class='ocrx_word' id='word_1_12' title='bbox 1706 491 1881 594; x_wconf 75' lang='lat' dir='ltr'>fortassis</span> <span class='ocrx_word' id='word_1_13' title='bbox 1902 531 1958 594; x_wconf 87' lang='lat' dir='ltr'>re</span> 
     </span>
     <span class='ocr_line' id='line_1_3' title="bbox 540 629 1961 764; baseline -0.004 -24"><span class='ocrx_word' id='word_1_14' title='bbox 540 651 643 764; x_wconf 88' lang='lat' dir='ltr'>ligio</span> <span class='ocrx_word' id='word_1_15' title='bbox 668 647 942 756; x_wconf 86' lang='lat' dir='ltr'>Mstibogium</span> <span class='ocrx_word' id='word_1_16' title='bbox 973 629 1261 732; x_wconf 81' lang='lat' dir='ltr'>dehortaretur</span> <span class='ocrx_word' id='word_1_17' title='bbox 1295 657 1438 726; x_wconf 86' lang='lat' dir='ltr'>contra</span> <span class='ocrx_word' id='word_1_18' title='bbox 1468 631 1643 724; x_wconf 86' lang='lat' dir='ltr'>fratrem</span> <span class='ocrx_word' id='word_1_19' title='bbox 1679 641 1819 731; x_wconf 89' lang='lat' dir='ltr'>moliri</span> <span class='ocrx_word' id='word_1_20' title='bbox 1854 646 1961 760; x_wconf 90' lang='lat' dir='ltr'>quid</span> 
     </span>
    </p>

    <p class='ocr_par' dir='ltr' id='par_1_3' title="bbox 218 764 1965 2148">
     <span class='ocr_line' id='line_1_4' title="bbox 425 764 1961 907; baseline -0.005 -28"><span class='ocrx_word' id='word_1_21' title='bbox 425 764 428 772; x_wconf 36' lang='lat'>⁵</span> <span class='ocrx_word' id='word_1_22' title='bbox 540 791 680 907; x_wconf 82' lang='lat' dir='ltr'>piam,</span> <span class='ocrx_word' id='word_1_23' title='bbox 716 804 758 874; x_wconf 89' lang='lat' dir='ltr'>at</span> <span class='ocrx_word' id='word_1_24' title='bbox 775 785 877 872; x_wconf 86' lang='lat' dir='ltr'>nihil</span> <span class='ocrx_word' id='word_1_25' title='bbox 900 783 1084 890; x_wconf 86' lang='lat' dir='ltr'>obstare,</span> <span class='ocrx_word' id='word_1_26' title='bbox 1119 805 1203 893; x_wconf 90' lang='lat' dir='ltr'>quo</span> <span class='ocrx_word' id='word_1_27' title='bbox 1245 775 1381 864; x_wconf 88' lang='lat' dir='ltr'>miuus</span> <span class='ocrx_word' id='word_1_28' title='bbox 1414 771 1458 862; x_wconf 93' lang='lat' dir='ltr'>id</span> <span class='ocrx_word' id='word_1_29' title='bbox 1491 793 1637 864; x_wconf 87' lang='lat' dir='ltr'>contra</span> <span class='ocrx_word' id='word_1_30' title='bbox 1659 771 1867 872; x_wconf 87' lang='lat' dir='ltr'>Moraviae</span> <span class='ocrx_word' id='word_1_31' title='bbox 1887 783 1961 872; x_wconf 89' lang='lat' dir='ltr'>lle</span> 
     </span>
     <span class='ocr_line' id='line_1_5' title="bbox 393 913 1961 1041; baseline -0.006 -22"><span class='ocrx_word' id='word_1_32' title='bbox 393 950 394 962; x_wconf 67' lang='lat'>‘</span> <span class='ocrx_word' id='word_1_33' title='bbox 540 954 697 1041; x_wconf 81' lang='lat' dir='ltr'>gnum,</span> <span class='ocrx_word' id='word_1_34' title='bbox 735 921 778 1012; x_wconf 87' lang='lat' dir='ltr'>se</span> <span class='ocrx_word' id='word_1_35' title='bbox 802 919 845 1011; x_wconf 89' lang='lat' dir='ltr'>se</span> <span class='ocrx_word' id='word_1_36' title='bbox 864 919 1108 1032; x_wconf 87' lang='lat' dir='ltr'>adjutricem</span> <span class='ocrx_word' id='word_1_37' title='bbox 1131 939 1298 1002; x_wconf 90' lang='lat' dir='ltr'>manum</span> <span class='ocrx_word' id='word_1_38' title='bbox 1330 913 1668 1030; x_wconf 84' lang='lat' dir='ltr'>porrigentibus,</span> <span class='ocrx_word' id='word_1_39' title='bbox 1704 915 1876 1012; x_wconf 88' lang='lat' dir='ltr'>sortiter</span> <span class='ocrx_word' id='word_1_40' title='bbox 1900 951 1961 1010; x_wconf 84' lang='lat' dir='ltr'>au-</span> 
     </span>
     <span class='ocr_line' id='line_1_6' title="bbox 218 1041 1964 1170; baseline -0.01 0"><span class='ocrx_word' id='word_1_41' title='bbox 218 1041 254 1060; x_wconf 36' lang='grc'>”</span> <span class='ocrx_word' id='word_1_42' title='bbox 314 1094 461 1169; x_wconf 62' lang='lat' dir='ltr'>analium</span> <span class='ocrx_word' id='word_1_43' title='bbox 541 1069 676 1155; x_wconf 88' lang='lat' dir='ltr'>deret</span> <span class='ocrx_word' id='word_1_44' title='bbox 785 1057 936 1152; x_wconf 73' lang='lat' dir='ltr'>Victus</span> <span class='ocrx_word' id='word_1_45' title='bbox 971 1053 1232 1170; x_wconf 83' lang='lat' dir='ltr'>ejuscemodi</span> <span class='ocrx_word' id='word_1_46' title='bbox 1260 1048 1368 1141; x_wconf 80' lang='lat' dir='ltr'>salsae</span> <span class='ocrx_word' id='word_1_47' title='bbox 1390 1050 1565 1167; x_wconf 82' lang='lat' dir='ltr'>speculae</span> <span class='ocrx_word' id='word_1_48' title='bbox 1586 1053 1716 1144; x_wconf 89' lang='lat' dir='ltr'>illicio</span> <span class='ocrx_word' id='word_1_49' title='bbox 1739 1053 1964 1152; x_wconf 77' lang='lat' dir='ltr'>Prostiwo·</span> 
     </span>
     <span class='ocr_line' id='line_1_7' title="bbox 312 1183 1966 1334; baseline -0.004 -38.993"><span class='ocrx_word' id='word_1_50' title='bbox 312 1183 515 1334; x_wconf 52' lang='lat' dir='ltr'>fflfflm,</span> <span class='ocrx_word' id='word_1_51' title='bbox 542 1205 619 1297; x_wconf 90' lang='lat' dir='ltr'>dus</span> <span class='ocrx_word' id='word_1_52' title='bbox 656 1199 699 1292; x_wconf 89' lang='lat' dir='ltr'>se</span> <span class='ocrx_word' id='word_1_53' title='bbox 735 1197 779 1290; x_wconf 89' lang='lat' dir='ltr'>se</span> <span class='ocrx_word' id='word_1_54' title='bbox 809 1218 958 1288; x_wconf 90' lang='lat' dir='ltr'>totum</span> <span class='ocrx_word' id='word_1_55' title='bbox 975 1195 1191 1286; x_wconf 89' lang='lat' dir='ltr'>convertit</span> <span class='ocrx_word' id='word_1_56' title='bbox 1211 1191 1262 1279; x_wconf 90' lang='lat' dir='ltr'>ad</span> <span class='ocrx_word' id='word_1_57' title='bbox 1283 1189 1572 1280; x_wconf 73' lang='lat' dir='ltr'>inflectendam</span> <span class='ocrx_word' id='word_1_58' title='bbox 1591 1185 1793 1305; x_wconf 79' lang='lat' dir='ltr'>Principis</span> <span class='ocrx_word' id='word_1_59' title='bbox 1816 1201 1966 1288; x_wconf 78' lang='lat' dir='ltr'>volun</span> 
     </span>
     <span class='ocr_line' id='line_1_8' title="bbox 312 1327 1966 1454; baseline -0.007 -23"><span class='ocrx_word' id='word_1_60' title='bbox 312 1351 488 1430; x_wconf 66' lang='lat' dir='ltr'>areauna·</span> <span class='ocrx_word' id='word_1_61' title='bbox 540 1335 676 1434; x_wconf 82' lang='lat' dir='ltr'>tatem</span> <span class='ocrx_word' id='word_1_62' title='bbox 701 1339 882 1454; x_wconf 88' lang='lat' dir='ltr'>alioquin</span> <span class='ocrx_word' id='word_1_63' title='bbox 904 1337 1047 1448; x_wconf 74' lang='lat' dir='ltr'>glorie</span> <span class='ocrx_word' id='word_1_64' title='bbox 1065 1331 1292 1446; x_wconf 83' lang='lat' dir='ltr'>cupiditate</span> <span class='ocrx_word' id='word_1_65' title='bbox 1325 1327 1353 1418; x_wconf 91' lang='lat' dir='ltr'>s</span> <span class='ocrx_word' id='word_1_66' title='bbox 1344 1359 1549 1450; x_wconf 84' lang='lat' dir='ltr'>rueram,</span> <span class='ocrx_word' id='word_1_67' title='bbox 1550 1355 1647 1444; x_wconf 86' lang='lat' dir='ltr'>quae</span> <span class='ocrx_word' id='word_1_68' title='bbox 1676 1347 1802 1417; x_wconf 86' lang='lat' dir='ltr'>tantae</span> <span class='ocrx_word' id='word_1_69' title='bbox 1839 1361 1966 1426; x_wconf 88' lang='lat' dir='ltr'>com</span> 
     </span>
     <span class='ocr_line' id='line_1_9' title="bbox 542 1465 1965 1590; baseline -0.007 -18"><span class='ocrx_word' id='word_1_70' title='bbox 542 1481 766 1572; x_wconf 87' lang='lat' dir='ltr'>modorum</span> <span class='ocrx_word' id='word_1_71' title='bbox 788 1475 1002 1590; x_wconf 83' lang='lat' dir='ltr'>laudisque</span> <span class='ocrx_word' id='word_1_72' title='bbox 1021 1469 1109 1586; x_wconf 89' lang='lat' dir='ltr'>spei</span> <span class='ocrx_word' id='word_1_73' title='bbox 1126 1470 1239 1559; x_wconf 90' lang='lat' dir='ltr'>ultro</span> <span class='ocrx_word' id='word_1_74' title='bbox 1260 1465 1387 1559; x_wconf 86' lang='lat' dir='ltr'>cellit.</span> <span class='ocrx_word' id='word_1_75' title='bbox 1488 1465 1532 1556; x_wconf 92' lang='lat' dir='ltr'>N</span> <span class='ocrx_word' id='word_1_76' title='bbox 1534 1495 1583 1558; x_wconf 86' lang='lat' dir='ltr'>ec</span> <span class='ocrx_word' id='word_1_77' title='bbox 1604 1495 1719 1556; x_wconf 83' lang='lat' dir='ltr'>ruera</span> <span class='ocrx_word' id='word_1_78' title='bbox 1735 1469 1965 1562; x_wconf 78' lang='lat' dir='ltr'>tumultun·</span> 
     </span>
     <span class='ocr_line' id='line_1_10' title="bbox 544 1603 1963 1739; baseline -0.007 -34"><span class='ocrx_word' id='word_1_79' title='bbox 544 1621 609 1739; x_wconf 82' lang='lat' dir='ltr'>rie</span> <span class='ocrx_word' id='word_1_80' title='bbox 642 1613 829 1705; x_wconf 69' lang='lat' dir='ltr'>collecte</span> <span class='ocrx_word' id='word_1_81' title='bbox 865 1633 1010 1702; x_wconf 82' lang='lat' dir='ltr'>turmae</span> <span class='ocrx_word' id='word_1_82' title='bbox 1040 1637 1114 1727; x_wconf 88' lang='lat' dir='ltr'>per</span> <span class='ocrx_word' id='word_1_83' title='bbox 1135 1605 1341 1697; x_wconf 83' lang='lat' dir='ltr'>Moraviae</span> <span class='ocrx_word' id='word_1_84' title='bbox 1370 1633 1546 1721; x_wconf 80' lang='lat' dir='ltr'>regnum</span> <span class='ocrx_word' id='word_1_85' title='bbox 1573 1603 1963 1720; x_wconf 79' lang='lat' dir='ltr'>grallarijubentur.</span> 
     </span>
     <span class='ocr_line' id='line_1_11' title="bbox 404 1743 1963 1868; baseline -0.005 -19"><span class='ocrx_word' id='word_1_86' title='bbox 404 1749 409 1760; x_wconf 77' lang='grc'>’</span> <span class='ocrx_word' id='word_1_87' title='bbox 546 1753 744 1866; x_wconf 83' lang='lat' dir='ltr'>Tenebat</span> <span class='ocrx_word' id='word_1_88' title='bbox 760 1772 850 1842; x_wconf 86' lang='lat' dir='ltr'>turn</span> <span class='ocrx_word' id='word_1_89' title='bbox 875 1751 1053 1868; x_wconf 87' lang='lat' dir='ltr'>imperio</span> <span class='ocrx_word' id='word_1_90' title='bbox 1091 1743 1322 1837; x_wconf 78' lang='lat' dir='ltr'>vastissimas</span> <span class='ocrx_word' id='word_1_91' title='bbox 1346 1743 1624 1836; x_wconf 89' lang='lat' dir='ltr'>Moravorum</span> <span class='ocrx_word' id='word_1_92' title='bbox 1645 1765 1796 1857; x_wconf 84' lang='lat' dir='ltr'>gentes</span> <span class='ocrx_word' id='word_1_93' title='bbox 1821 1746 1963 1840; x_wconf 73' lang='lat' dir='ltr'>Sueto</span> 
     </span>
     <span class='ocr_line' id='line_1_12' title="bbox 545 1881 1957 2042; baseline -0.005 -56"><span class='ocrx_word' id='word_1_94' title='bbox 545 1899 691 2014; x_wconf 88' lang='lat' dir='ltr'>plucus</span> <span class='ocrx_word' id='word_1_95' title='bbox 719 1881 776 1982; x_wconf 70' lang='lat' dir='ltr'>sl)</span> <span class='ocrx_word' id='word_1_96' title='bbox 826 1892 1000 2006; x_wconf 84' lang='lat' dir='ltr'>opibus,</span> <span class='ocrx_word' id='word_1_97' title='bbox 1042 1913 1331 2042; x_wconf 84' lang='lat' dir='ltr'>armorumque</span> <span class='ocrx_word' id='word_1_98' title='bbox 1365 1885 1555 2000; x_wconf 85' lang='lat' dir='ltr'>potentia</span> <span class='ocrx_word' id='word_1_99' title='bbox 1598 1885 1785 1999; x_wconf 82' lang='lat' dir='ltr'>inclytus</span> <span class='ocrx_word' id='word_1_100' title='bbox 1827 1891 1957 1980; x_wconf 85' lang='lat' dir='ltr'>heros</span> 
     </span>
     <span class='ocr_line' id='line_1_13' title="bbox 545 2021 1958 2148; baseline -0.004 -24"><span class='ocrx_word' id='word_1_101' title='bbox 545 2023 605 2147; x_wconf 84' lang='lat' dir='ltr'>Is,</span> <span class='ocrx_word' id='word_1_102' title='bbox 631 2033 743 2148; x_wconf 91' lang='lat' dir='ltr'>quod</span> <span class='ocrx_word' id='word_1_103' title='bbox 762 2027 927 2117; x_wconf 80' lang='lat' dir='ltr'>obscuri</span> <span class='ocrx_word' id='word_1_104' title='bbox 945 2025 1125 2115; x_wconf 86' lang='lat' dir='ltr'>nominis</span> <span class='ocrx_word' id='word_1_105' title='bbox 1148 2027 1302 2112; x_wconf 87' lang='lat' dir='ltr'>hostem</span> <span class='ocrx_word' id='word_1_106' title='bbox 1323 2025 1528 2114; x_wconf 88' lang='lat' dir='ltr'>momenti</span> <span class='ocrx_word' id='word_1_107' title='bbox 1555 2052 1641 2112; x_wconf 91' lang='lat' dir='ltr'>non</span> <span class='ocrx_word' id='word_1_108' title='bbox 1650 2021 1826 2133; x_wconf 87' lang='lat' dir='ltr'>faceret</span> <span class='ocrx_word' id='word_1_109' title='bbox 1859 2025 1958 2118; x_wconf 85' lang='lat' dir='ltr'>satis</span> 
     </span>
    </p>
   </div>
   <div class='ocr_carea' id='block_1_3' title="bbox 549 2141 1953 2320">
    <p class='ocr_par' dir='ltr' id='par_1_4' title="bbox 549 2141 1953 2320">
     <span class='ocr_line' id='line_1_14' title="bbox 549 2141 1953 2320; baseline -0.008 -60"><span class='ocrx_word' id='word_1_110' title='bbox 549 2169 595 2268; x_wconf 86' lang='lat' dir='ltr'>in</span> <span class='ocrx_word' id='word_1_111' title='bbox 615 2168 871 2292; x_wconf 77' lang='lat' dir='ltr'>prasentia</span> <span class='ocrx_word' id='word_1_112' title='bbox 848 2183 962 2255; x_wconf 81' lang='lat' dir='ltr'>ratus</span> <span class='ocrx_word' id='word_1_113' title='bbox 981 2191 1100 2276; x_wconf 80' lang='lat' dir='ltr'>regna</span> <span class='ocrx_word' id='word_1_114' title='bbox 1088 2163 1224 2254; x_wconf 87' lang='lat' dir='ltr'>fines</span> <span class='ocrx_word' id='word_1_115' title='bbox 1245 2141 1453 2320; x_wconf 81' lang='lat' dir='ltr'>consuetis</span> <span class='ocrx_word' id='word_1_116' title='bbox 1473 2163 1665 2277; x_wconf 88' lang='lat' dir='ltr'>praefidiis</span> <span class='ocrx_word' id='word_1_117' title='bbox 1684 2163 1846 2274; x_wconf 85' lang='lat' dir='ltr'>firmare,</span> <span class='ocrx_word' id='word_1_118' title='bbox 1858 2190 1953 2274; x_wconf 89' lang='lat' dir='ltr'>pau</span> 
     </span>
    </p>
   </div>
   <div class='ocr_carea' id='block_1_4' title="bbox 395 2437 1965 2562">
    <p class='ocr_par' dir='ltr' id='par_1_5' title="bbox 395 2437 1965 2562">
     <span class='ocr_line' id='line_1_15' title="bbox 395 2437 1965 2562; baseline -0.003 -23"><span class='ocrx_word' id='word_1_119' title='bbox 395 2509 400 2519; x_wconf 39' lang='grc' dir='ltr'>ι</span> <span class='ocrx_word' id='word_1_120' title='bbox 472 2528 474 2542; x_wconf 86' lang='grc'><strong>.</strong></span> <span class='ocrx_word' id='word_1_121' title='bbox 549 2467 669 2562; x_wconf 86' lang='lat' dir='ltr'>rent,</span> <span class='ocrx_word' id='word_1_122' title='bbox 706 2449 759 2536; x_wconf 87' lang='lat' dir='ltr'>de</span> <span class='ocrx_word' id='word_1_123' title='bbox 777 2443 934 2535; x_wconf 90' lang='lat' dir='ltr'>summa</span> <span class='ocrx_word' id='word_1_124' title='bbox 954 2441 1091 2532; x_wconf 91' lang='lat' dir='ltr'>belli</span> <span class='ocrx_word' id='word_1_125' title='bbox 1080 2469 1124 2528; x_wconf 90' lang='grc' dir='ltr'>ιιι</span> <span class='ocrx_word' id='word_1_126' title='bbox 1144 2457 1362 2557; x_wconf 79' lang='lat' dir='ltr'>utramque</span> <span class='ocrx_word' id='word_1_127' title='bbox 1385 2467 1526 2530; x_wconf 87' lang='lat' dir='ltr'>aurem</span> <span class='ocrx_word' id='word_1_128' title='bbox 1547 2441 1804 2531; x_wconf 87' lang='lat' dir='ltr'>dormiens.</span> <span class='ocrx_word' id='word_1_129' title='bbox 1875 2437 1965 2534; x_wconf 86' lang='lat' dir='ltr'>Ve-</span> 
     </span>
    </p>
   </div>
   <div class='ocr_carea' id='block_1_5' title="bbox 466 2571 1960 2698">
    <p class='ocr_par' dir='ltr' id='par_1_6' title="bbox 466 2571 1960 2698">
     <span class='ocr_line' id='line_1_16' title="bbox 466 2571 1960 2698; baseline -0.005 -20"><span class='ocrx_word' id='word_1_130' title='bbox 466 2571 467 2576; x_wconf 31' lang='lat'>‘</span> <span class='ocrx_word' id='word_1_131' title='bbox 551 2611 644 2678; x_wconf 90' lang='lat' dir='ltr'>rum</span> <span class='ocrx_word' id='word_1_132' title='bbox 667 2607 714 2676; x_wconf 93' lang='lat' dir='ltr'>ut</span> <span class='ocrx_word' id='word_1_133' title='bbox 732 2583 896 2676; x_wconf 80' lang='lat' dir='ltr'>temere</span> <span class='ocrx_word' id='word_1_134' title='bbox 918 2577 1081 2698; x_wconf 82' lang='lat' dir='ltr'>semper</span> <span class='ocrx_word' id='word_1_135' title='bbox 1100 2580 1250 2693; x_wconf 87' lang='lat' dir='ltr'>hostis,</span> <span class='ocrx_word' id='word_1_136' title='bbox 1290 2602 1465 2695; x_wconf 87' lang='lat' dir='ltr'>quantus</span> <span class='ocrx_word' id='word_1_137' title='bbox 1490 2597 1664 2694; x_wconf 88' lang='lat' dir='ltr'>quantus</span> <span class='ocrx_word' id='word_1_138' title='bbox 1684 2581 1758 2668; x_wconf 86' lang='lat' dir='ltr'>ille</span> <span class='ocrx_word' id='word_1_139' title='bbox 1782 2583 1852 2693; x_wconf 85' lang='lat' dir='ltr'>eli,</span> <span class='ocrx_word' id='word_1_140' title='bbox 1870 2611 1960 2670; x_wconf 90' lang='lat' dir='ltr'>con-</span> 
     </span>
    </p>
   </div>
   <div class='ocr_carea' id='block_1_6' title="bbox 311 2715 1978 3957">
    <p class='ocr_par' dir='ltr' id='par_1_7' title="bbox 311 2715 1978 3957">
     <span class='ocr_line' id='line_1_17' title="bbox 316 2715 1962 2846; baseline -0.005 -26"><span class='ocrx_word' id='word_1_141' title='bbox 316 2750 404 2842; x_wconf 78' lang='lat' dir='ltr'>apra</span> <span class='ocrx_word' id='word_1_142' title='bbox 406 2751 481 2838; x_wconf 72' lang='lat' dir='ltr'>agna</span> <span class='ocrx_word' id='word_1_143' title='bbox 548 2729 778 2836; x_wconf 88' lang='lat' dir='ltr'>temnitur,</span> <span class='ocrx_word' id='word_1_144' title='bbox 813 2721 1068 2832; x_wconf 81' lang='lat' dir='ltr'>llllllibogius</span> <span class='ocrx_word' id='word_1_145' title='bbox 1095 2719 1308 2808; x_wconf 83' lang='lat' dir='ltr'>limitanea</span> <span class='ocrx_word' id='word_1_146' title='bbox 1335 2715 1611 2808; x_wconf 87' lang='lat' dir='ltr'>Moravorum</span> <span class='ocrx_word' id='word_1_147' title='bbox 1638 2719 1820 2846; x_wconf 82' lang='lat' dir='ltr'>praefidia</span> <span class='ocrx_word' id='word_1_148' title='bbox 1849 2719 1962 2812; x_wconf 83' lang='lat' dir='ltr'>euris·</span> 
     </span>
     <span class='ocr_line' id='line_1_18' title="bbox 311 2843 1964 3012; baseline 0.001 -60"><span class='ocrx_word' id='word_1_149' title='bbox 311 2843 479 3012; x_wconf 56' lang='grc' dir='ltr'>ᾖῇᾖῇῗῇῗ</span> <span class='ocrx_word' id='word_1_150' title='bbox 549 2863 694 2979; x_wconf 86' lang='lat' dir='ltr'>sasque</span> <span class='ocrx_word' id='word_1_151' title='bbox 716 2870 912 2950; x_wconf 72' lang='lat' dir='ltr'>cohortes</span> <span class='ocrx_word' id='word_1_152' title='bbox 930 2887 1016 2980; x_wconf 90' lang='lat' dir='ltr'>non</span> <span class='ocrx_word' id='word_1_153' title='bbox 1032 2883 1186 2970; x_wconf 86' lang='lat' dir='ltr'>magno</span> <span class='ocrx_word' id='word_1_154' title='bbox 1205 2859 1432 2946; x_wconf 85' lang='lat' dir='ltr'>certamine</span> <span class='ocrx_word' id='word_1_155' title='bbox 1451 2856 1567 2967; x_wconf 84' lang='lat' dir='ltr'>sugat</span> <span class='ocrx_word' id='word_1_156' title='bbox 1581 2859 1721 2970; x_wconf 88' lang='lat' dir='ltr'>paucis</span> <span class='ocrx_word' id='word_1_157' title='bbox 1745 2860 1874 2966; x_wconf 81' lang='lat' dir='ltr'>caefis,</span> <span class='ocrx_word' id='word_1_158' title='bbox 1885 2865 1964 2979; x_wconf 84' lang='lat' dir='ltr'>ple</span> 
     </span>
     <span class='ocr_line' id='line_1_19' title="bbox 550 2991 1965 3118; baseline -0.001 -24"><span class='ocrx_word' id='word_1_159' title='bbox 550 3001 692 3118; x_wconf 84' lang='lat' dir='ltr'>risque</span> <span class='ocrx_word' id='word_1_160' title='bbox 713 3001 867 3114; x_wconf 83' lang='lat' dir='ltr'>captis,</span> <span class='ocrx_word' id='word_1_161' title='bbox 910 3025 1014 3112; x_wconf 90' lang='lat' dir='ltr'>quos</span> <span class='ocrx_word' id='word_1_162' title='bbox 1047 3023 1195 3084; x_wconf 78' lang='lat' dir='ltr'>omnes</span> <span class='ocrx_word' id='word_1_163' title='bbox 1230 2997 1272 3086; x_wconf 90' lang='lat' dir='ltr'>in</span> <span class='ocrx_word' id='word_1_164' title='bbox 1310 2997 1488 3086; x_wconf 90' lang='lat' dir='ltr'>vinculis</span> <span class='ocrx_word' id='word_1_165' title='bbox 1508 2991 1824 3088; x_wconf 84' lang='lat' dir='ltr'>Wilseluadum</span> <span class='ocrx_word' id='word_1_166' title='bbox 1862 3003 1965 3092; x_wconf 78' lang='lat' dir='ltr'>misit</span> 
     </span>
     <span class='ocr_line' id='line_1_20' title="bbox 550 3131 1965 3254; baseline -0.002 -20"><span class='ocrx_word' id='word_1_167' title='bbox 550 3137 623 3234; x_wconf 88' lang='lat' dir='ltr'>seu</span> <span class='ocrx_word' id='word_1_168' title='bbox 647 3139 832 3231; x_wconf 75' lang='lat' dir='ltr'>victoriae</span> <span class='ocrx_word' id='word_1_169' title='bbox 853 3139 1100 3249; x_wconf 88' lang='lat' dir='ltr'>ostentator,</span> <span class='ocrx_word' id='word_1_170' title='bbox 1135 3131 1207 3224; x_wconf 89' lang='lat' dir='ltr'>seu</span> <span class='ocrx_word' id='word_1_171' title='bbox 1232 3137 1401 3247; x_wconf 78' lang='lat' dir='ltr'>verior,</span> <span class='ocrx_word' id='word_1_172' title='bbox 1437 3163 1520 3254; x_wconf 93' lang='lat' dir='ltr'>quo</span> <span class='ocrx_word' id='word_1_173' title='bbox 1548 3132 1718 3225; x_wconf 88' lang='lat' dir='ltr'>fratrem</span> <span class='ocrx_word' id='word_1_174' title='bbox 1749 3156 1840 3228; x_wconf 88' lang='lat' dir='ltr'>tam</span> <span class='ocrx_word' id='word_1_175' title='bbox 1862 3141 1965 3231; x_wconf 79' lang='lat' dir='ltr'>letis</span> 
     </span>
     <span class='ocr_line' id='line_1_21' title="bbox 544 3268 1970 3392; baseline -0.004 -16"><span class='ocrx_word' id='word_1_176' title='bbox 544 3276 681 3386; x_wconf 76' lang='lat' dir='ltr'>‚initiis</span> <span class='ocrx_word' id='word_1_177' title='bbox 711 3281 757 3366; x_wconf 87' lang='lat' dir='ltr'>in</span> <span class='ocrx_word' id='word_1_178' title='bbox 791 3278 893 3366; x_wconf 90' lang='lat' dir='ltr'>belli</span> <span class='ocrx_word' id='word_1_179' title='bbox 925 3273 1169 3366; x_wconf 89' lang='lat' dir='ltr'>societatem</span> <span class='ocrx_word' id='word_1_180' title='bbox 1192 3275 1425 3388; x_wconf 86' lang='lat' dir='ltr'>pelliceret.</span> <span class='ocrx_word' id='word_1_181' title='bbox 1529 3268 1603 3366; x_wconf 83' lang='lat' dir='ltr'>At</span> <span class='ocrx_word' id='word_1_182' title='bbox 1620 3271 1888 3392; x_wconf 78' lang='lat' dir='ltr'>Hostivitun,</span> <span class='ocrx_word' id='word_1_183' title='bbox 1922 3299 1970 3371; x_wconf 86' lang='lat' dir='ltr'>ut</span> 
     </span>
     <span class='ocr_line' id='line_1_22' title="bbox 550 3409 1972 3527; baseline -0.001 -16"><span class='ocrx_word' id='word_1_184' title='bbox 550 3437 640 3511; x_wconf 87' lang='lat' dir='ltr'>erat</span> <span class='ocrx_word' id='word_1_185' title='bbox 674 3417 832 3506; x_wconf 78' lang='lat' dir='ltr'>l&#39;andlus</span> <span class='ocrx_word' id='word_1_186' title='bbox 862 3415 907 3507; x_wconf 71' lang='lat' dir='ltr'>bt</span> <span class='ocrx_word' id='word_1_187' title='bbox 942 3415 1098 3503; x_wconf 88' lang='lat' dir='ltr'>alienus</span> <span class='ocrx_word' id='word_1_188' title='bbox 1133 3415 1183 3500; x_wconf 86' lang='lat' dir='ltr'>ab</span> <span class='ocrx_word' id='word_1_189' title='bbox 1213 3413 1378 3527; x_wconf 87' lang='lat' dir='ltr'>injuria,</span> <span class='ocrx_word' id='word_1_190' title='bbox 1415 3409 1631 3508; x_wconf 81' lang='lat' dir='ltr'>confertim</span> <span class='ocrx_word' id='word_1_191' title='bbox 1665 3415 1779 3504; x_wconf 88' lang='lat' dir='ltr'>demi</span> <span class='ocrx_word' id='word_1_192' title='bbox 1803 3420 1972 3510; x_wconf 79' lang='lat' dir='ltr'>vincula</span> 
     </span>
     <span class='ocr_line' id='line_1_23' title="bbox 551 3539 1971 3670; baseline 0.003 -23"><span class='ocrx_word' id='word_1_193' title='bbox 551 3539 729 3670; x_wconf 82' lang='lat' dir='ltr'>captivis</span> <span class='ocrx_word' id='word_1_194' title='bbox 744 3551 876 3664; x_wconf 85' lang='lat' dir='ltr'>jullit,</span> <span class='ocrx_word' id='word_1_195' title='bbox 903 3573 1197 3666; x_wconf 87' lang='lat' dir='ltr'>recreatosque</span> <span class='ocrx_word' id='word_1_196' title='bbox 1219 3551 1315 3640; x_wconf 89' lang='lat' dir='ltr'>cibo</span> <span class='ocrx_word' id='word_1_197' title='bbox 1339 3555 1382 3641; x_wconf 88' lang='lat' dir='ltr'>in</span> <span class='ocrx_word' id='word_1_198' title='bbox 1404 3553 1576 3668; x_wconf 85' lang='lat' dir='ltr'>patriam</span> <span class='ocrx_word' id='word_1_199' title='bbox 1596 3555 1764 3644; x_wconf 84' lang='lat' dir='ltr'>remifit.</span> <span class='ocrx_word' id='word_1_200' title='bbox 1839 3554 1971 3651; x_wconf 86' lang='lat' dir='ltr'>Exar-</span> 
     </span>
     <span class='ocr_line' id='line_1_24' title="bbox 548 3689 1974 3809; baseline 0.008 -29"><span class='ocrx_word' id='word_1_201' title='bbox 548 3691 598 3786; x_wconf 87' lang='lat' dir='ltr'>fit</span> <span class='ocrx_word' id='word_1_202' title='bbox 616 3691 819 3809; x_wconf 84' lang='lat' dir='ltr'>principio</span> <span class='ocrx_word' id='word_1_203' title='bbox 840 3689 1026 3780; x_wconf 88' lang='lat' dir='ltr'>nonnihil</span> <span class='ocrx_word' id='word_1_204' title='bbox 1047 3692 1097 3780; x_wconf 90' lang='lat' dir='ltr'>ad</span> <span class='ocrx_word' id='word_1_205' title='bbox 1119 3691 1337 3779; x_wconf 87' lang='lat' dir='ltr'>lenitatem</span> <span class='ocrx_word' id='word_1_206' title='bbox 1361 3712 1446 3786; x_wconf 87' lang='lat' dir='ltr'>tam</span> <span class='ocrx_word' id='word_1_207' title='bbox 1473 3691 1805 3807; x_wconf 86' lang='lat' dir='ltr'>intempestivam</span> <span class='ocrx_word' id='word_1_208' title='bbox 1829 3697 1974 3790; x_wconf 81' lang='lat' dir='ltr'>fiatris</span> 
     </span>
     <span class='ocr_line' id='line_1_25' title="bbox 544 3825 1978 3957; baseline 0.002 -32"><span class='ocrx_word' id='word_1_209' title='bbox 544 3827 825 3950; x_wconf 80' lang='lat' dir='ltr'>Mlliboglua,</span> <span class='ocrx_word' id='word_1_210' title='bbox 856 3849 901 3920; x_wconf 82' lang='lat' dir='ltr'>at</span> <span class='ocrx_word' id='word_1_211' title='bbox 924 3853 1025 3918; x_wconf 84' lang='lat' dir='ltr'>mox</span> <span class='ocrx_word' id='word_1_212' title='bbox 1048 3853 1143 3922; x_wconf 91' lang='lat' dir='ltr'>cum</span> <span class='ocrx_word' id='word_1_213' title='bbox 1173 3828 1370 3920; x_wconf 83' lang='lat' dir='ltr'>sarcasmo</span> <span class='ocrx_word' id='word_1_214' title='bbox 1394 3831 1444 3920; x_wconf 89' lang='lat' dir='ltr'>ad</span> <span class='ocrx_word' id='word_1_215' title='bbox 1467 3828 1562 3920; x_wconf 87' lang='lat' dir='ltr'>suos</span> <span class='ocrx_word' id='word_1_216' title='bbox 1578 3833 1750 3922; x_wconf 86' lang='lat' dir='ltr'>dicere:</span> <span class='ocrx_word' id='word_1_217' title='bbox 1789 3906 1818 3950; x_wconf 88' lang='lat'>„</span> <span class='ocrx_word' id='word_1_218' title='bbox 1841 3825 1978 3957; x_wconf 82' lang='lat' dir='ltr'>Egre-</span> 
     </span>
    </p>
   </div>
   <div class='ocr_carea' id='block_1_7' title="bbox 415 3967 1985 4378">
    <p class='ocr_par' dir='ltr' id='par_1_8' title="bbox 415 3967 1985 4378">
     <span class='ocr_line' id='line_1_26' title="bbox 548 3967 1981 4102; baseline 0.006 -42"><span class='ocrx_word' id='word_1_219' title='bbox 548 4035 578 4089; x_wconf 84' lang='lat'>„</span> <span class='ocrx_word' id='word_1_220' title='bbox 601 3971 670 4086; x_wconf 82' lang='lat' dir='ltr'>gie</span> <span class='ocrx_word' id='word_1_221' title='bbox 692 3969 785 4062; x_wconf 88' lang='lat' dir='ltr'>sane</span> <span class='ocrx_word' id='word_1_222' title='bbox 803 3968 1020 4102; x_wconf 78' lang='lat' dir='ltr'>munificus</span> <span class='ocrx_word' id='word_1_223' title='bbox 1044 3972 1101 4059; x_wconf 86' lang='lat' dir='ltr'>est</span> <span class='ocrx_word' id='word_1_224' title='bbox 1119 3967 1249 4058; x_wconf 84' lang='lat' dir='ltr'>aliena</span> <span class='ocrx_word' id='word_1_225' title='bbox 1274 3969 1524 4088; x_wconf 80' lang='lat' dir='ltr'>liberalitate</span> <span class='ocrx_word' id='word_1_226' title='bbox 1544 3967 1672 4061; x_wconf 87' lang='lat' dir='ltr'>stater</span> <span class='ocrx_word' id='word_1_227' title='bbox 1693 3977 1859 4102; x_wconf 81' lang='lat' dir='ltr'>noster,</span> <span class='ocrx_word' id='word_1_228' title='bbox 1896 3978 1981 4068; x_wconf 84' lang='lat' dir='ltr'>sed</span> 
     </span>
     <span class='ocr_line' id='line_1_27' title="bbox 415 4093 1985 4232; baseline 0.004 -27"><span class='ocrx_word' id='word_1_229' title='bbox 415 4121 419 4130; x_wconf 72' lang='grc'>’</span> <span class='ocrx_word' id='word_1_230' title='bbox 549 4168 578 4225; x_wconf 82' lang='lat'>,‚</span> <span class='ocrx_word' id='word_1_231' title='bbox 603 4093 792 4201; x_wconf 85' lang='lat' dir='ltr'>dabimus</span> <span class='ocrx_word' id='word_1_232' title='bbox 813 4128 1011 4226; x_wconf 84' lang='lat' dir='ltr'>operatu,</span> <span class='ocrx_word' id='word_1_233' title='bbox 1046 4126 1096 4204; x_wconf 93' lang='lat' dir='ltr'>ut</span> <span class='ocrx_word' id='word_1_234' title='bbox 1118 4123 1187 4203; x_wconf 87' lang='lat' dir='ltr'>tot</span> <span class='ocrx_word' id='word_1_235' title='bbox 1209 4109 1398 4229; x_wconf 79' lang='lat' dir='ltr'>captivos</span> <span class='ocrx_word' id='word_1_236' title='bbox 1418 4109 1664 4231; x_wconf 81' lang='lat' dir='ltr'>propediem</span> <span class='ocrx_word' id='word_1_237' title='bbox 1695 4117 1875 4232; x_wconf 86' lang='lat' dir='ltr'>accipiat</span> <span class='ocrx_word' id='word_1_238' title='bbox 1903 4129 1985 4212; x_wconf 84' lang='lat' dir='ltr'>bo-</span> 
     </span>
     <span class='ocr_line' id='line_1_28' title="bbox 1677 4285 1906 4378; baseline -0.026 0"><span class='ocrx_word' id='word_1_239' title='bbox 1677 4371 1681 4378; x_wconf 90' lang='lat'>.</span> <span class='ocrx_word' id='word_1_240' title='bbox 1780 4285 1906 4375; x_wconf 70' lang='lat'>”1¹¹⁰</span> 
     </span>
    </p>
   </div>
   <div class='ocr_carea' id='block_1_8' title="bbox 0 0 2048 5056">
    <p class='ocr_par' dir='ltr' id='par_1_9' title="bbox 0 0 2048 5056">
     <span class='ocr_line' id='line_1_29' title="bbox 0 0 2048 5056; baseline 0 0"><span class='ocrx_word' id='word_1_241' title='bbox 0 0 2048 5056; x_wconf 95' lang='lat' dir='ltr'> </span> 
     </span>
    </p>
   </div>
  </div>
 </body>
</html>
