4054 5030
539 345 575 422 S.
602 343 892 426 wercum·
931 369 990 427 ιι.
1158 325 1162 332 ’
1401 359 1475 454 ⁶4¹
1552 399 1554 406 ,

47 519 178 580 nonem
194 492 242 578 in
262 497 474 598 loquentem
492 491 657 576 inducit:
684 501 777 574 Dona
795 493 908 595 Caesaere
933 501 1029 604 digna
1050 525 1072 571 ι
1096 495 1182 574 nolis
1205 503 1326 596 accipe,
1339 492 1480 606 burgum

41 611 193 704 neptunu
213 602 328 686 dens,
351 627 413 702 quo
440 619 469 672 te
494 625 535 674 ex
555 599 705 702 digitum
724 621 779 676 tua
801 609 912 674 merito
928 601 1135 690 decoram,
1162 601 1274 675 deinde
1294 599 1406 678 tributo
1422 605 1478 680 ab·

35 701 210 804 filuimtu,
238 702 327 804 quod
348 704 477 775 Cervhu
504 702 663 804 quum
684 700 868 800 soluendum
895 699 1057 799 Caesnt'bm
1079 699 1259 799 instituerat.
1337 703 1481 779 Dubra·

46 803 171 889 vium,
192 819 231 878 ut
252 797 479 899 fit‚‘sequuti
504 799 719 902 posteriores
739 827 834 904 pene
850 826 1013 877 onmes:
1040 804 1246 893 Pomanus,
1274 800 1480 897 Goldnstus,

43 899 233 994 Balbinus,
257 901 408 991 Penne„
432 903 511 978 Cru
540 899 652 996 eiius,
679 901 944 994 Stredotskius,
962 905 1130 994 Tenner,
1155 900 1480 996 Hammerschmid,

42 1001 244 1100 Jordanue‚
268 1005 369 1082 Peter
387 926 735 1095 nosteri‘iuorinue
748 999 891 1102 tliique.
940 1000 981 1078 Id
998 1003 1114 1080 tumen
1133 1003 1252 1105 paffim
1265 1001 1480 1080 alleverantt

41 1101 349 1182 &wenceslaum
373 1100 579 1178 humilitatis
601 1103 753 1180 obtentu
774 1127 895 1204 neque
922 1101 1084 1181 diadema
1110 1101 1478 1208 Regiumuccepilse,

44 1229 172 1303 neque
190 1203 226 1280 se
248 1207 387 1307 Regem
410 1201 592 1305 scripsrlse.
671 1204 872 1306 Gltfeysrus
897 1225 1114 1322 tegumento
1138 1203 1213 1282 hoc
1235 1203 1273 1288 in
1293 1227 1405 1282 utrum
1435 1229 1479 1279 ue
1495 1229 1704 1321 nemppe

47 1321 192 1408 purtem
212 1301 391 1406 disputato
412 1301 448 1380 in
465 1329 542 1380 etun
562 1301 706 1382 tendem
725 1305 798 1382 abit
815 1305 1042 1384 sententiam:
1067 1302 1411 1382 verosimillimum-e
1440 1329 1478 1380 e:
1497 1315 1716 1400 (deminum.

49 1401 158 1504 quod
177 1424 344 1505 tempore
362 1407 394 1482 S.
413 1404 622 1482 Wenteslci
640 1403 775 1507 aliquid
799 1404 893 1482 circa
914 1403 1148 1483 collationem
1173 1404 1265 1512 regii
1290 1404 1382 1482 tituli
1398 1403 1479 1482 reti·
1502 1403 1618 1488 Tltfiz.

46 1526 162 1580 tntum
188 1503 315 1606 fuerit,
340 1503 531 1606 negotium
555 1529 676 1584 tamen
700 1531 920 1607 quocunque
943 1503 1023 1584 casu
1052 1503 1096 1580 ad
1119 1505 1368 1585 executionem
1401 1531 1481 1583 non

46 1601 263 1708 pertigiffe,
287 1630 371 1680 cum
392 1604 583 1707 scriptores
610 1606 725 1698 eiusce
752 1614 787 1684 ot
811 1605 940 1708 paulo'
973 1604 1153 1684 osteriorit
1176 1605 1281 1684 etatis
1304 1605 1357 1684 rei
1379 1605 1481 1703 hujus
1587 1621 1595 1634 ·

44 1703 263 1815 memoriam
289 1727 368 1782 non
396 1703 538 1782 fuciunt.
626 1705 661 1782 Si
688 1731 779 1784 vero
810 1634 1012 1810 Glafeyiius
1038 1705 1287 1784 authoritrtem
1318 1729 1480 1784 veterum

44 1803 275 1884 neceffanam
303 1801 455 1882 credidit
479 1805 525 1884 nd
551 1806 803 1888 executionem
826 1809 885 1886 seu
911 1807 1018 1912 ipsrus
1045 1805 1136 1884 tituli
1152 1808 1259 1912 Regii
1283 1806 1481 1910 usttrprtio·

45 1931 158 1996 nem,
183 1930 247 1980 cur
261 1929 360 1996 non,
376 1906 557 1998 obsecro,
585 1907 631 1984 td
648 1907 754 2010 iplius
773 1933 942 2008 quoque,
965 1908 990 1984 st
1008 1905 1056 1984 itt
1071 1909 1251 2011 appellere
1269 1907 1374 2000 libet,
1399 1933 1480 1984 ern·

44 2006 87 2082 sc
106 2001 372 2082 actitetionemi
410 2005 569 2083 Ubinam
596 2031 696 2084 vetus
723 2007 980 2086 documentum
998 2007 1041 2083 nli
1072 2008 1145 2086 uod
1172 2007 1261 2122 legit
1277 2008 1481 2112 Glnfeyfitu

45 2109 80 2185 S.
99 2104 307 2214 Wenceelni
334 2105 501 2207 tem'pore
525 2103 659 2206 aliquid
684 2106 776 2219 circe
802 2105 956 2280 Repium
990 2033 1130 2185 undum
1156 2115 1331 2188 auruum
1356 2107 1482 2185 fuisset

45 2210 154 2282 Novi
170 2225 244 2303 ego
263 2205 442 2278 Ducntum
461 2207 494 2278 S.
513 2207 719 2280 Wenceslm
738 2209 853 2282 nonni
870 2233 882 2280 ι
909 2207 946 2282 in
963 2209 1115 2284 Henrici
1138 2207 1249 2308 Regis
1266 2207 1482 2297 Germania,

45 2324 261 2398 annumque
278 2300 433 2403 primum
452 2300 603 2378 Ottonis
621 2304 649 2377 1.
666 2329 742 2401 quo
761 2303 819 2380 ille
841 2302 937 2379 hnud
960 2304 1049 2401 quid
1067 2305 1215 2405 amplius
1234 2362 1244 2390 ‚
1272 2331 1377 2405 quem
1402 2311 1481 2382 Rex

47 2400 259 2484 Ger-muniz
285 2421 380 2488 erat,
411 2395 595 2493 incidille3
621 2403 698 2492 ,lam
717 2427 857 2500 quero:
884 2400 980 2478 illine
1000 2400 1049 2494 jus
1067 2411 1103 2478 u
1118 2403 1329 2505 potestatem
1347 2405 1481 2480 hebue-

35 2508 121 2608 ‚rint
141 2525 244 2614 reges
266 2499 429 2591 creandi,
455 2498 687 2600 titulumque,
703 2527 813 2600 quem
835 2499 902 2602 ipsi
926 2501 1116 2606 gellerant,
1132 2527 1213 2580 cum
1231 2503 1306 2580 eliis
1320 2529 1481 2582 commu·

47 2601 230 2686 nicandr}
265 2601 393 2680 (doute
418 2599 445 2677 fi
470 2603 503 2684 S.
526 2601 760 2680 Wencesltus
782 2601 922 2678 titulum
947 2603 1144 2709 &regium
1172 2601 1335 2683 diadema
1360 2627 1481 2682 temen

46 2702 223 2817 gestisset.
246 2725 324 2778 non
340 2701 662 2814 ellerrtrepetendc
678 2703 722 2816 ub
739 2701 904 2816 Hernico
920 2727 977 2781 aut
995 2703 1137 2782 Ottone
1156 2761 1167 2798 ,
1194 2704 1255 2782 sed
1271 2731 1291 2783 t
1307 2705 1401 2782 freto
1418 2705 1481 2784 suo

17 2799 718 3008 ‚{llll}tntlltlfflnltss?
751 2829 912 2982 Pulli
929 2804 1483 3023 tllnltl‘ll‘tnbmgl?

47 3005 197 3088 suadent
212 2999 348 3116 vetusta
364 3029 533 3104 queque,
551 3031 628 3178 eppe
654 3003 848 3120 supersunt,
865 3029 1112 3088 monumenta.
1161 3005 1301 3086 Adsunt
1326 3007 1416 3086 mim
1437 3006 1483 3086 ed

49 3133 176 3188 munus
194 3102 309 3205 sigilla
332 3105 477 3180 Ducum
501 3109 568 3181 nol
604 3129 709 3182 orum
730 3105 877 3184 nonnisi
899 3133 973 3184 uno
998 3107 1122 3184 seculo
1149 3107 1378 3212 posteriorc,
1405 3135 1482 3207 quae

47 3211 87 3288 in
119 3199 382 3306 Contreligillo
413 3201 607 3379 imepittem
632 3207 667 3283 S.
687 3205 895 3284 Wencetltti
924 3210 1203 3310 reprulbnunt,
1239 3207 1299 3284 ubi
1328 3208 1356 3284 ir
1387 3208 1482 3286 solio

51 3307 208 3388 infidens
224 3305 326 3380 nudo
349 3301 467 3405 capite
505 3303 566 3382 ine
587 3302 688 3382 ullius
716 3331 861 3384 corone
885 3305 1138 3386 diadematisve
1164 3307 1270 3412 signo
1296 3309 1320 3384 s
1338 3315 1483 3401 ectttur,

51 3419 88 3488 bt
113 3429 272 3519 quotum
300 3401 504 3508 epigmplte
523 3403 642 3482 verbis
667 3409 830 3510 expteffit
857 3435 939 3484 eum
965 3407 1108 3486 nonnifi
1139 3412 1278 3490 Ducum
1308 3337 1484 3486 declarate

51 3512 101 3588 stc
117 3531 216 3586 emm
238 3503 375 3578 hebet:
401 3505 632 3582 SANCTUS
655 3509 1013 3588 WENCEZLtlUS
1036 3507 1340 3588 BOEMORUM
1364 3511 1484 3590 DUX.

53 3615 96 3688 ln
112 3601 269 3686 monetis
292 3627 442 3716 quoque
459 3603 564 3683 nudo
592 3608 714 3708 pnflim
736 3606 855 3712 cupite
881 3609 997 3688 limbo
1020 3607 1291 3688 circumcunte
1319 3637 1401 3687 cum
1427 3635 1485 3686 ea·

53 3711 139 3788 dem
156 3703 358 3818 epigraphe
374 3727 442 3796 nm
464 3705 540 3818 hoc
557 3698 637 3809 ipso
651 3709 775 3784 seculo
795 3711 841 3790 Χ.
861 3710 995 3788 vilitur.
1072 3713 1244 3803 Veteres,
1265 3737 1341 3812 que
1360 3709 1485 3823 super·

54 3811 166 3895 sunt,
194 3807 389 3910 imagmes,
416 3803 564 3882 nonmli
589 3805 704 3884 ducali
740 3809 879 3912 pileolo
906 3808 1108 3887 redimitum
1133 3813 1330 3906 exhibent,
1356 3831 1406 3889 utt
1429 3807 1485 3886 ri·
1637 3821 1642 3836 ·

57 3909 144 3986 dere
160 3905 243 3984 licet
264 3932 308 3984 ex
331 3901 548 3997 simulacro,
573 3908 677 4008 quod
700 3932 746 3986 ex
772 3909 844 3987 ΜΓ.
871 3910 1048 4014 picturato
1070 3913 1138 3988 hec
1160 3917 1263 3988 Perre
1289 3907 1485 3989 Anntliunt

54 4003 295 4116 proferimur,
321 4011 357 4082 δι
374 4031 418 4080 ex
436 4009 602 4086 Rotutnu
625 4007 751 4100 icone,
769 4033 876 4110 quam
895 4009 1092 4089 Douitnmi
1112 4009 1335 4090 Bollunditni
1359 4010 1404 4088 ed
1423 4022 1486 4096 28.

58 4105 277 4210 Septembru
300 4107 461 4182 excusum
484 4105 629 4188 dedere.
704 4111 787 4188 Nec
810 4135 904 4190 vero
926 4114 971 4190 ub
998 4109 1009 4186 i
1040 4110 1081 4186 fis
1110 4111 1266 4216 Regibus
1296 4109 1424 4190 nostris
1450 4112 1485 4189 S.

56 4204 296 4294 wenceslaus
320 4231 477 4305 unquam
504 4207 569 4307 (ut
588 4235 714 4290 omnen
736 4209 925 4312 scriptores
952 4237 1004 4292 no
1052 4237 1094 4292 ot
1116 4237 1252 4296 veteres
1278 4207 1487 4318 pretermit·
1610 4305 1617 4318 .

107 4306 451 4390 perstultum„
469 4311 611 4394 Hecto
769 4315 981 4399 Mtnmtn,
1352 4317 1441 4406 nm)
