3984 5036
646 319 864 402 merram
888 340 926 400 e.
1003 353 1008 369 ’
1228 321 1233 328 “
1473 321 1502 427 “ς

75 492 266 586 intestino
285 493 376 610 igni
397 489 447 581 ad
465 492 596 610 pilum
621 489 836 614 depastis„
885 483 1057 584 Dolisus
1079 489 1169 608 ejus
1191 495 1277 586 loci
1297 469 1499 614 Princeps

7 665 8 668 ‘
79 635 181 728 nulli
208 639 398 756 pepercit
431 663 593 754 opere,
630 661 717 752 quo
754 634 894 725 minus
922 661 980 726 ex
1016 633 1229 730 cineribus
1254 635 1337 730 suis
1372 657 1500 730 tante

81 783 290 874 vetustatis
319 775 520 872 memoria
544 773 813 892 resurgeret;
849 776 932 864 alio
954 777 1133 893 quippe,
1168 775 1647 898 vidniffimoqueam..
1660 793 1698 856 e

83 911 178 1017 loco
197 923 335 1015 urbem
349 947 507 1014 novam
525 909 739 1031 condere,
775 943 952 1034 eamque
971 915 1093 1009 firmo
1116 917 1161 1008 dc
1184 920 1362 1011 durabili
1380 902 1575 1031 muross'z
1598 881 1737 962 ‘'ff''

84 1052 385 1158 circumducere
408 1061 565 1178 coepit;
585 1075 713 1176 atque
729 1075 778 1146 ut
797 1085 939 1148 rerum
960 1078 1048 1148 tam
1073 1056 1353 1176 presentium,
1377 1073 1503 1180 quam

80 1209 257 1298 maxime
297 1200 647 1322 consequentium
679 1217 863 1288 eventus
893 1199 1075 1314 provide
1103 1196 1396 1319 sapienterque
1429 1205 1508 1294 cir·

80 1345 394 1464 cumspiciebat‚
438 1341 641 1430 invitavit
668 1364 814 1428 omnes
850 1337 925 1428 libi
958 1339 1167 1431 clientelae
1199 1339 1352 1436 officiis
1375 1341 1507 1436 obno

79 1489 198 1603 arios,
235 1490 286 1578 ad
313 1482 611 1604 perficiendam
655 1485 758 1568 hanc
793 1481 944 1570 urbem
985 1502 1199 1597 promtam
1235 1481 1505 1604 sedulamque

82 1625 324 1720 conferrent
358 1648 552 1740 operam,
588 1621 687 1710 dato
719 1619 839 1710 limul
870 1623 1075 1738 irnperio:
1110 1645 1162 1715 ut
1196 1651 1355 1716 nomen
1392 1631 1511 1716 liau-

80 1773 194 1857 tzim
227 1766 529 1882 antiquaretur,
565 1773 762 1878 novaque
793 1749 931 1852 moles
962 1761 1092 1852 afilio
1113 1759 1185 1852 suo
1218 1767 1320 1858 [λιι
1345 1796 1506 1860 nomeu

80 1909 227 1998 Liczko
245 1907 445 2022 deinceps
467 1922 653 2022 gereret.
680 1891 736 1987 (a)
807 1970 836 2016 „
872 1891 1046 2016 Nolim,
1074 1905 1238 2022 inquit,
1274 1905 1402 1996 fatale
1422 1915 1505 1998 hoc

73 2115 104 2162 ,‚
125 2050 245 2173 nobis
281 2048 459 2164 amplius
488 2073 649 2136 nomen
680 2047 753 2157 lit,
786 2042 1157 2166 mendaciumque
1190 2075 1333 2138 meum
1352 2048 1504 2166 prioris
1659 2047 1667 2056 ’

75 2255 102 2301 ,,
123 2189 205 2280 ritu
222 2189 377 2279 fumet.
411 2256 442 2306 ‚,
526 2183 614 2276 Sed
637 2185 882 2278 colluvione
900 2186 1012 2275 male
1035 2179 1228 2280 conflata
1249 2168 1411 2307 plebis,
1447 2191 1505 2280 ci·

72 2329 273 2448 viumque
297 2348 389 2422 tum
408 2329 519 2417 inter
538 2322 582 2416 se
600 2323 881 2442 pugnantibus
904 2327 1071 2442 studiis,
1107 2347 1201 2418 tum
1223 2328 1505 2422 somnolentis

71 2469 176 2560 adeo
194 2469 351 2586 frigide
369 2466 629 2588 procedebat
650 2494 782 2585 opus,
816 2486 865 2556 ut
888 2493 1096 2585 nunquam
1121 2469 1346 2586 impetrare
1369 2469 1505 2588 pollet

70 2629 142 2702 aut
164 2607 337 2703 Dolisus
362 2607 475 2726 ipse,
514 2625 587 2699 aut
607 2610 698 2726 post
715 2635 814 2698 eum
840 2607 950 2698 lilius
970 2605 1114 2722 Zlicz,
1149 2639 1237 2728 quo
1273 2614 1373 2702 urbs
1402 2609 1505 2702 folla

70 2778 279 2873 muroque
302 2741 581 2842 clauderetur.
666 2747 807 2840 Nihilo
827 2746 963 2878 secius
985 2747 1060 2840 seu
1081 2745 1263 2841 Kurimii
1287 2750 1378 2844 fato
1391 2824 1405 2869 ,
1440 2755 1505 2845 uti
1711 2743 1715 2750 ⁴

68 2917 224 3014 nempe
256 2894 419 2986 vetusta
450 2917 628 3010 quaeque
662 2889 822 2980 firmius
847 2892 1086 2982 mortalium
1111 2893 1259 2985 animis
1281 2895 1503 3012 inhaerent,

68 3027 144 3122 l'eu
173 3033 410 3149 pervicacia
428 3033 586 3150 populi,
608 3057 759 3121 recens
779 3031 978 3150 oppidum
1003 3034 1111 3150 apud
1135 3035 1363 3152 plerosque
1381 3055 1503 3127 vete·

70 3171 131 3260 tis
154 3171 479 3289 appellationem
494 3171 693 3286 retinuit,
728 3173 820 3261 aliis
847 3171 1023 3262 omnino
1054 3201 1171 3264 novo
1194 3176 1344 3264 Liczlco
1367 3173 1503 3262 nomi·

62 3337 121 3403 ne
138 3313 185 3403 id
208 3310 560 3432 impertientibus.
1126 3417 1129 3424 ,

207 3448 413 3546 Exeunte
435 3461 515 3544 hoc
535 3453 690 3544 eodem
710 3445 1099 3548 annoPonislanm
1112 3451 1344 3546 comtulum
1371 3451 1501 3546 infan-
1514 3465 1647 3548 Nascitur
1695 3509 1701 3518 ›

62 3611 159 3688 tem
180 3621 363 3714 puerum
385 3595 431 3684 in
461 3593 604 3683 lucem
628 3593 762 3686 edidit
783 3592 902 3686 felici
922 3613 1058 3712 partu.
1168 3587 1212 3685 Is
1234 3551 1700 3716 remmota-dim.

61 3735 187 3828 tione
220 3731 456 3852 hospitum,
499 3760 607 3852 quos
626 3736 877 3848 gratulatum
901 3735 954 3824 de
971 3765 1131 3852 puero,
1167 3757 1294 3854 atque
1317 3738 1369 3826 ad
1390 3739 1571 3826 nata-⁸¹¹¹·

58 3876 126 3971 les
148 3877 299 3994 epulas
318 3875 544 3968 venientes
567 3901 665 3965 cum
697 3877 829 3968 multa
859 3875 1173 3970 benevolentia
1201 3875 1500 3992 ligrriiicatione

55 4033 185 4135 pater
210 4003 460 4135 acceperat}
491 4016 857 4152 Hcpiivitinomeb
877 4016 1021 4110 traxit.
1047 4004 1096 4104 (l)

707 4291 825 4422 Ag
1320 4295 1432 4394 AN·
