3984 5036
512 389 522 396 ,
618 326 835 404 turriam
870 337 903 411 8.
1418 344 1466 424 35

41 481 292 586 ÷÷÷÷4÷
1344 471 1465 580 *leb-¹·

259 926 530 1020 Zntecenlem
565 957 708 1042 agrum
749 931 1011 1048 irruperunt,
1058 929 1257 1044 priusque
1298 937 1703 1026 onmemtvcmfimuu‘o

255 1068 471 1181 regionem
505 1069 634 1181 longe
666 1067 834 1184 lateque
863 1067 1075 1181 populati,
1112 1064 1471 1180 luculentissimam

41 1209 222 1330 predam
246 1208 443 1300 intutum
481 1206 778 1320 deportarunt,
805 1193 859 1296 (ὅ)
896 1231 1019 1320 quam
1044 1201 1308 1314 Wlallislaus
1333 1231 1389 1294 ex
1413 1189 1471 1292 di

39 1347 156 1462 lnpsrs
182 1363 303 1464 metu
323 1345 473 1470 incolis
489 1341 640 1460 justum
659 1369 810 1454 agmen
829 1343 935 1432 hosti
958 1337 1093 1456 pollet
1117 1367 1345 1456 opponere.
1417 1339 1470 1432 Id

41 1495 123 1574 hoc
149 1511 258 1575 anno
283 1481 463 1570 consrliis
483 1478 714 1590 Wlallislai
731 1480 916 1592 obstitit,
951 1497 1000 1570 ut
1015 1507 1070 1568 ne
1096 1477 1331 1578 Neklanum
1351 1480 1466 1579 bello

41 1622 220 1708 auderet
246 1613 465 1731 incedere,
513 1617 845 1734 quandoquidem
883 1645 967 1704 non
998 1645 1129 1710 vanus
1156 1645 1299 1706 rumor
1335 1619 1468 1709 incre·

39 1755 288 1850 brescebat:
325 1751 510 1844 Minatus
543 1755 776 1846 Germanos
806 1755 1052 1872 propediem
1079 1757 1289 1867 reditum,
1325 1785 1464 1872 neque

34 1892 261 2012 ,quieturos
288 1893 400 2007 prius
412 1961 427 2006 ‚
465 1921 589 2010 quam
617 1891 834 1988 Zateciunr
859 1890 991 2014 ipsum
1023 1895 1069 1983 in
1101 1891 1277 2024 spolium
1302 1895 1377 2006 „eis
1398 1921 1466 1986 ce-
1500 2005 1511 2024 x

35 2034 179 2124 deret.
629 2053 634 2058 ·

189 2167 343 2285 Neque
365 2186 508 2258 tamen
523 2170 649 2257 hostis
670 2167 830 2258 infelici
841 2166 1031 2261 Neldano
1050 2166 1189 2258 defuit
1209 2163 1387 2260 Krasnilr
1410 2157 1460 2259 (l)

36 2305 176 2398 Dolifi
200 2307 309 2396 lilius
332 2308 582 2396 Curimensrs
606 2303 805 2422 Princeps
838 2307 1032 2398 fidentior
1055 2308 1185 2396 aliena
1203 2309 1458 2427 infirmitate,
1478 2291 1697 2442 sslg'fflm

33 2471 170 2564 quam
189 2443 272 2534 luis
298 2445 461 2552 viribus
492 2444 557 2561 (id
588 2446 714 2560 quod·
734 2441 996 2557 ignavissimis
1020 2445 1147 2542 etiam
1181 2449 1457 2542 animantibus
1473 2473 1623 2544 arguetur.
1675 2437 1678 2442 “

31 2609 270 2674 commune
305 2586 385 2696 est,
438 2583 495 2671 de
524 2586 723 2698 prostrato
758 2585 1006 2699 domitoque
1040 2584 1165 2674 leone
1209 2586 1459 2678 audentibus

30 2723 220 2840 praedam
243 2745 390 2832 agere,
426 2721 579 2837 alioqui
604 2721 781 2810 valentis
813 2739 938 2837 atque
971 2721 1126 2832 integri
1149 2747 1204 2808 ne
1225 2719 1461 2838 adspectum

30 2851 215 2976 quidem
236 2853 500 2981 ferentibus)
522 2857 663 2948 sumsit
691 2859 765 2947 libi
790 2885 865 2973 per
899 2887 975 2949 eos
1009 2859 1102 2950 dies
1122 2855 1382 2975 Neklanum,
1418 2863 1463 2962 dc

34 2995 114 3088 sua
146 2986 320 3105 segnitie
343 2985 393 3082 (ί)
430 2997 474 3084 dc
504 2997 726 3110 preteritis
764 2997 948 3089 cladibus
977 2997 1234 3094 laborantem
1270 3001 1464 3096 vacillan-

31 3153 223 3246 temque
244 3131 358 3248 bello
378 3119 583 3224 lacellere.
651 3131 696 3222 N
697 3135 864 3236 eclanus
884 3135 988 3229 nihil
1007 3137 1145 3228 animo
1152 3203 1169 3246 ,,
1205 3165 1326 3250 quam
1349 3138 1463 3252 pacis

28 3267 174 3362 studia
205 3269 365 3380 agitans
395 3269 646 3382 legationem
676 3271 721 3359 ei
755 3269 864 3358 milit
895 3267 1058 3362 foedera
1084 3271 1467 3386 amicitiaequevin»

23 3408 134 3498 cula
170 3407 214 3497 in
248 3409 492 3500 memoriam
516 3407 786 3522 revocatum,
822 3425 913 3502 tum
946 3433 1002 3504 ne
1019 3398 1193 3506 ¹flamma
1224 3411 1327 3502 novi
1362 3405 1490 3504 belll'

15 3563 312 3661 erumperet,
334 3546 461 3636 etiam
483 3547 657 3638 finitima
678 3546 880 3663 quapiam
901 3546 1050 3663 oppida
1068 3549 1179 3641 ultro
1203 3550 1354 3642 linibus
1374 3551 1462 3664 ejus

16 3681 243 3778 cell'urum
265 3681 500 3798 spopondit.
585 3681 654 3774 At
679 3683 805 3774 ferox
821 3684 989 3802 juvenis
1014 3687 1227 3776 barbarico
1251 3686 1462 3802 respondit

13 3823 166 3916 fastu?
208 3819 363 3934 „Non
396 3823 471 3910 fibi
508 3823 565 3912 de
603 3824 830 3936 provinciae
857 3823 1035 3936 finibus,
1074 3821 1146 3920 sed
1177 3825 1233 3922 de
1266 3817 1461 3915 universo

9 4033 57 4082 ‚,
88 3955 417 4050 Willehradensr
435 3960 666 4074 principatu
689 3955 901 4052 'certamen
925 3957 1021 4054 elle.
1048 4029 1076 4075 ,‚
1183 3957 1460 4054 Excanducre

5 4097 200 4214 scilicet
230 4097 282 4186 ad
315 4095 601 4213 improbiffimi
636 4099 722 4190 oris
761 4097 1060 4224 impudentiam
1094 4098 1261 4216 legati,
1308 4126 1460 4220 verunt

1292 4239 1392 4358 quid

44 791 378 1158 Germani
399 819 421 878 a
442 794 572 906 plagis
603 793 791 900 occiduis
824 791 930 881 sacta
964 819 1088 881 manu
1124 786 1394 878 valentillrma
1426 769 1701 932 infffflsffgss
