3932 5030
524 297 1020 446 &Wsuersrarrts
1218 383 1221 390 ²
1385 291 1517 444 557‘

8 493 118 600 pacis
138 495 369 578 conditiones
385 521 468 577 curu
484 497 650 591 Hourico
667 495 759 576 iuitae
779 497 933 590 fuerint,
958 518 1093 602 negare
1108 487 1245 589 nolim,
1272 494 1371 596 quod
1395 495 1453 572 ui-

7 597 217 678 bilominus
236 599 365 676 merito
383 603 604 679 Wenoesleo
619 600 657 678 lri
674 599 801 678 retolli
821 597 1019 701 Scriptores
1039 595 1255 690 attribuunt,
1274 623 1355 672 cum
1374 621 1452 672 non
1522 667 1531 676 .

11 699 301 818 ignorareturro
311 699 385 803 ipfit
395 727 441 778 eo
452 727 627 804 tempore,
638 725 840 804 quanquam
852 697 953 778 anuis
964 697 1197 802 pupillaribus
1222 699 1361 788 Ducem
1374 695 1455 770 fuis}

11 805 64 878 se.
85 800 218 881 (Quare
234 800 342 879 etiam
359 803 416 880 vel
433 828 510 880 uno
527 803 744 893 Wenceslao
755 805 792 881 irr
803 801 1024 880 deditionem
1042 757 1455 902 acceptoilllitichiudus

9 897 210 1002 inplorali
229 907 392 980 Bul-omiss
418 903 603 980 tributarias
632 903 737 978 fustus
762 903 911 996 scribit',
938 901 1040 1002 quod
1068 900 1199 978 scilicet
1219 899 1456 978 Wenceslaus

10 1023 191 1101 tanquam
207 1000 351 1108 ll·iuteps
368 1012 504 1109 Magnus
525 1001 794 1109 praecipuusque
811 1002 962 1082 nomine
977 1025 1180 1080 ceterorum
1198 997 1362 1078 omnium
1374 999 1454 1074 Du-

11 1125 103 1180 cum
131 1104 190 1183 seu
208 1108 417 1208 regulorum
435 1104 616 1182 Bohorrriae
643 1110 737 1182 banc
764 1102 890 1182 tributi
904 1103 1165 1207 praellationem
1187 1097 1353 1182 Heurico
1372 1123 1455 1200 pne·

12 1225 72 1276 tus
89 1199 144 1282 lit.
202 1207 289 1282 Haec
307 1231 398 1284 vero
419 1229 491 1282 tarn
515 1203 700 1284 nominata
719 1204 872 1284 Henriei
896 1229 1023 1282 contra
1049 1226 1199 1317 gentem
1219 1200 1375 1280 nostram
1393 1223 1457 1273 ex*
1558 1257 1563 1266 .

11 1303 166 1406 poditio
183 1305 228 1391 ab
246 1306 413 1392 omnibus
431 1304 619 1384 Historicis
634 1301 763 1382 nostris
779 1304 1005 1410 praeterurilsa
1022 1305 1089 1380 furt
1098 1361 1111 1398 ,
1136 1302 1270 1416 primns
1289 1297 1456 1390 omnium

11 1403 218 1482 'Goldastus
235 1431 312 1486 eam
333 1405 372 1486 in
392 1405 457 1484 suo
475 1405 521 1483 de
540 1431 659 1510 reguo
677 1406 855 1484 bohemie
873 1406 967 1482 libro
987 1431 1031 1484 ex
1053 1403 1290 1488 Witrclriudo
1308 1401 1455 1500 aliisque

16 1501 60 1580 in
81 1503 269 1582 historiam
291 1506 441 1610 patriam
472 1504 590 1582 intulit
607 1535 618 1602 3
646 1503 784 1582 idcirco
803 1508 906 1583 trulla·
924 1504 1112 1610 atripliores
1132 1504 1178 1580 de
1195 1531 1238 1584 ea
1260 1501 1454 1590 memoria,

23 1629 137 1702 quarn
153 1632 230 1704 quae
247 1603 285 1682 iu
303 1607 406 1714 lbpra
423 1599 535 1684 relatis
552 1604 791 1684 veterioribus
808 1606 1036 1709 scriptoribus
1051 1608 1232 1710 leguntur.
1285 1612 1454 1682 Attamen

18 1703 160 1782 l’effina
185 1729 242 1780 tot
266 1703 541 1788 circumstantias
566 1734 610 1784 err
639 1703 806 1784 editionis
833 1707 934 1804 hujus
964 1709 1141 1798 ¹cumulat,
1168 1732 1207 1782 ur
1230 1705 1351 1785 credas
1370 1709 1681 1796 eumPeffiuaRad.3.
1748 1795 1753 1804 .

17 1829 102 1888 nort
130 1803 246 1884 modo
271 1805 395 1884 sarculo
424 1807 487 1886 illo
512 1733 637 1886 vixisti
650 1863 661 1900 ‚
692 1807 753 1884 sed
778 1833 873 1912 pene
898 1809 1002 1888 rebus
1032 1807 1087 1896 his
1113 1805 1221 1910 gestis
1245 1795 1622 1911 prasentemusslffr·

18 1903 125 1994 soille
143 1961 160 1998 ,
177 1931 261 2014 qua·
275 1906 448 2009 quoniam
466 1907 663 2010 prolixiora
683 1909 786 2000 sunt,
814 1915 849 1986 &
875 1909 1018 2012 poetice
1041 1933 1098 1984 ma
1113 1917 1116 1922 '
1130 1909 1185 2002 is,
1211 1933 1320 2008 quam
1343 1903 1455 1984 histo·
1655 1947 1659 1954 ·

18 2005 95 2084 rice
115 2004 288 2102 deducta,
313 2007 629 2112 pratermutimtu,
654 2012 828 2112 &legere
844 2009 1088 2112 cupientema
1129 2035 1211 2090 eum
1233 2003 1456 2088 remittimus.
1525 2073 1534 2084 .

19 2103 117 2218 lupo
133 2129 251 2184 tamen
281 2109 423 2207 majoris
449 2109 583 2189 notitia
609 2136 704 2215 ergo
722 2135 800 2188 non
817 2110 1008 2190 tacetrdum
1027 2141 1035 2184 :
1064 2107 1380 2188 Verosrmillimurn
1399 2103 1457 2184 ri-

23 2207 105 2282 deu
127 2206 220 2284 hunc
238 2208 392 2285 Boemiae
410 2207 632 2288 invasionem
654 2213 701 2286 ab
719 2211 882 2288 Heurico
909 2212 970 2288 seu
994 2209 1069 2312 ipso
1096 2209 1214 2288 adbuc
1231 2207 1371 2302 liieme,
1395 2201 1456 2282 seu

23 2305 150 2408 primo
168 2329 253 2381 vere
277 2305 376 2382 fuisse
392 2329 626 2386 attenmtamt
653 2314 746 2386 Nam
772 2307 856 2386 teste
874 2307 1089 2388 Frodoardo
1114 2308 1142 2384 is
1160 2311 1235 2388 lroc
1256 2309 1337 2412 ipso
1359 2318 1615 2382 annorum
1629 2320 1676 2376 ru*

20 2404 144 2498 adhuc
165 2431 248 2482 etun
271 2403 429 2492 exercitu
456 2409 623 2484 ereuum
652 2405 787 2494 transrit
801 2462 814 2504 ‚
847 2416 884 2484 &
914 2411 1020 2511 supro
1045 2409 1189 2498 Mosam
1215 2401 1683 2487 Durofostumchror·r1b2a·

24 2503 178 2604 Bosonis
194 2505 349 2585 Comitis
365 2503 514 2584 castrum
532 2505 698 2600 obsedit,
724 2532 794 2596 neo
806 2509 855 2584 ab
871 2533 917 2586 eo
935 2507 1069 2584 receffit
1088 2506 1213 2608 prius,
1239 2532 1344 2610 quam
1358 2503 1454 2584 Roso

26 2607 115 2684 <istis
142 2605 351 2702 obsidibus,
377 2607 651 2708 juramentoque
683 2605 810 2690 emisso
836 2607 1042 2688 fidelitatem
1067 2606 1341 2710 clientelamque
1364 2630 1455 2710 pro-

26 2708 183 2800 ruisrllet.
255 2713 314 2788 De
332 2711 467 2787 tributo
488 2732 606 2786 autem
623 2731 768 2802 annuo,
794 2705 853 2784 cui
870 2710 939 2788 hac
953 2707 1103 2796 Hemici
1123 2709 1360 2818 expeditione
1379 2731 1457 2784 rur·

28 2809 104 2901 suto
119 2803 244 2905 subjici
262 2807 374 2914 coepit
390 2809 584 2904 Bolremia,
596 2808 677 2908 -jam
694 2811 928 2915 paragrapho
947 2809 1131 2914 sequentis
1520 2805 1525 2822 '

165 3009 228 3090 IV.
261 3008 322 3084 Ab
349 3033 395 3086 eo
422 3037 618 3112 tempore,
652 3035 729 3119 quo
754 3013 986 3116 Suttoplucus
1011 3009 1191 3093 Mortuis
1222 3011 1310 3090 Dux
1335 3007 1460 3122 jugum
1561 3041 1567 3048 ·

14 3107 237 3189 ¹Francitruu
261 3111 419 3212 excusus,
447 3113 587 3212 sibique
611 3113 734 3216 plures
755 3111 888 3190 viciuos
905 3111 1056 3200 Slavicas
1080 3137 1207 3218 gentes
1225 3111 1362 3192 fodere
1382 3137 1460 3202 um·

30 3210 103 3303 xit,
128 3211 278 3290 Morari
297 3212 498 3312 Boemique
517 3238 628 3314 usque
652 3213 697 3288 ad
714 3237 844 3290 annum
866 3213 1070 3317 presentem
1099 3212 1200 3291 omni
1228 3208 1350 3288 tributi
1369 3233 1461 3312 perr·

29 3309 194 3392 fiterioue
210 3308 300 3388 olim
318 3312 456 3390 Carolo
481 3317 537 3392 M.
564 3319 662 3416 pasta
683 3310 920 3415 coucelluque
937 3313 1112 3392 immunes
1138 3309 1332 3415 perstitere.
1411 3311 1459 3486 ᾗ

34 3437 249 3520 quamquam
268 3409 391 3490 medio
415 3438 581 3518 tempore
605 3413 659 3492 bis
689 3437 791 3492 terve
817 3409 1006 3508 acciderit,
1034 3441 1073 3491 ut
1091 3413 1239 3494 Morari
1256 3406 1411 3508 Boemiq

32 3512 158 3620 preliis
174 3510 260 3594 vicli
275 3511 419 3592 Francis
437 3513 473 3591 id
491 3513 645 3593 muneris
665 3515 774 3592 annui
793 3541 909 3620 genus
929 3541 1004 3592 uuo
1025 3519 1188 3594 alterove
1202 3538 1300 3592 armo
1321 3509 1460 3588 detule-

35 3615 125 3708 rint,
150 3639 268 3694 tauren
296 3619 483 3719 extemplo
506 3617 613 3694 novis
629 3615 788 3694 excitatis
806 3615 904 3694 bellis
920 3617 1004 3694 sese
1026 3615 1063 3694 in
1083 3615 1244 3721 priorem
1259 3613 1461 3700 libertatem

34 3713 266 3798 restituerunt.
317 3717 491 3796 l’raesente
511 3745 600 3796 veto
622 3742 719 3794 antro
738 3715 975 3796 indubitatum
996 3717 1113 3796 videri
1130 3717 1238 3796 debet
1257 3715 1331 3792 hoc
1347 3711 1461 3790 tribu·

35 3813 75 3894 ti*
87 3840 173 3894 onus
203 3845 268 3919 per
284 3819 318 3896 S.
337 3817 546 3904 Wenceslui
571 3817 814 3913 deditionem,
841 3819 974 3895 rursum
992 3817 1148 3898 boemia
1166 3818 1331 3912 injesturn
1350 3809 1461 3896 fuisse,

5 3959 6 3964 =
69 3913 139 3994 uod
165 3941 285 4014 tamen
312 3919 435 3996 denuo
462 3919 570 3997 frater
597 3919 668 4016 ejus
685 3921 861 3998 boleslaus
890 3919 1003 3996 statim
1028 3920 1090 3996 sub
1117 3919 1275 4024 primum
1302 3917 1459 3992 Ducatus

38 3943 90 4098 liu
110 4040 240 4095 annum
266 4019 418 4110 sustulit,
441 4047 511 4114 nec
535 4019 631 4126 prius
660 4045 769 4122 quam
793 4021 874 4124 poll
897 4045 1074 4100 annorum
1093 4014 1365 4122 quatuordecim
1382 4011 1460 4090 bel·

39 4119 108 4202 loru
132 4116 267 4196 rursum
287 4119 422 4202 Ottoni
440 4125 468 4202 l.
487 4121 662 4202 consessit.
730 4123 808 4214 ,loru
824 4143 941 4206 autem
962 4120 1235 4200 excutiendum:
1262 4143 1351 4194 num
1369 4139 1459 4218 prae-

43 4241 93 4308 rer
109 4219 181 4302 boc
195 4243 353 4302 aunuum
366 4221 544 4326 tributum
561 4221 665 4306 etiaur
681 4221 715 4298 S.
735 4223 968 4304 Wenceslaus
996 4221 1054 4302 alii
1071 4217 1245 4304 servitutis
1265 4220 1375 4324 jugo,
1401 4231 1458 4292 aut

460 4418 467 4458 ι
647 4327 763 4405 bara
794 4351 813 4424 3
1306 4315 1418 4400 clieu·
1461 4317 1465 4326 ’
