3896 5046
529 323 754 402 Narrant
782 328 843 400 16.
1367 309 1432 461 εἰ.

2 481 63 559 ὀυ
89 474 240 557 virente
264 491 376 573 atque
397 467 534 550 idcirco
554 469 617 548 sub
642 468 723 575 ipso
754 469 945 550 Hadriano
968 477 1066 576 Papa
1091 470 1276 568 euenisse,
1310 501 1426 580 quan·

34 605 92 658 am
116 579 157 653 in
185 601 233 652 eo
256 576 383 651 lubens
399 571 432 652 ei
451 569 638 664 accedam,
665 571 791 648 errasse
807 571 1045 675 posteriores,
1072 572 1135 676 qui
1155 599 1236 654 eam
1251 577 1367 654 duram
1383 579 1427 656 li·

2 679 142 758 tantium
166 673 234 770 jam
252 676 408 754 Nicolao
433 677 535 774 Papa
563 671 837 776 adscripserunt.
914 676 1060 760 Nullam
1084 701 1175 752 vero
1188 703 1245 753 ert
1275 676 1426 780 epistola
1510 724 1515 732 ·

17 816 46 845 ν.
96 777 137 854 ris
155 779 246 854 VllL
271 803 353 854 cunt
378 775 446 852 hac
467 779 512 852 ab
528 772 721 852 Hadriano
739 773 819 850 data
855 773 996 854 licentia
1011 801 1200 879 emergere
1217 801 1429 894 repugnana

2 879 79 957 :iarn
97 879 160 955 suo
178 879 260 955 loco
275 874 530 968 enodabinrus,
558 873 620 950 ubi
640 872 828 976 epistolam
848 879 947 954 hanc·
960 875 1138 982 integram
1155 884 1426 993 protulerimue.

2 1050 5 1059 .
38 1002 180 1060 omenta
203 1003 294 1056 certe
321 981 421 1080 plura
448 976 549 1068 sunt,
585 1002 663 1088 qne
690 974 887 1078 indigitant
916 978 985 1055 hor
1015 983 1197 1058 Moratrat
1226 981 1426 1083 Apostolos

2 1082 26 1149 '·
54 1080 125 1182 ipsa
142 1078 354 1183 Erarrgelica
371 1075 481 1156 mell'e
497 1075 712 1154 constitutus
731 1075 830 1154 haud
849 1101 975 1180 prater
991 1078 1169 1158 rationem
1188 1080 1227 1158 in
1244 1107 1323 1162 nnn
1341 1105 1425 1186 par·

8 1195 78 1258 ¹uru
93 1204 164 1258 neo
192 1181 268 1284 hyti
281 1177 410 1282 populi
430 1176 663 1280 dispendium
679 1181 832 1254 Romam
853 1178 899 1256 ad
915 1203 990 1256 ram
1020 1181 1205 1282 prolixum
1229 1179 1297 1259 iter
1331 1208 1424 1260 ero-

2 1307 88 1360 >atos
107 1205 216 1360 fulde.
285 1283 381 1357 Nam
399 1275 428 1354 fi
445 1303 574 1356 eorum
590 1299 799 1380 temporum
815 1276 965 1372 historia
983 1280 1226 1358 Ecclefiastiea
1241 1281 1280 1358 in
1296 1282 1422 1360 conei-

3 1381 76 1462 ium
97 1382 271 1478 sumatur,
297 1382 576 1483 plane‘appatet
593 1377 785 1455 Nicolaum
801 1379 1019 1457 Pontificem
1044 1383 1171 1458 multas
1185 1382 1437 1485 gratiamne..
1534 1405 1537 1412 ·

17 1509 61 1560 ue
77 1483 189 1562 causas
208 1489 353 1559 nudum
370 1477 418 1554 ud
433 1476 672 1560 evocandum.
750 1477 904 1558 Constat
923 1507 969 1560 eo
986 1505 1154 1596 tempore
1171 1483 1295 1562 Photii
1316 1487 1422 1567 Pseu·

2 1512 268 1660 io-Patriarchz
291 1577 686 1682 Constantinopolitani
713 1586 750 1657 δι
777 1579 967 1659 Michaelis
995 1583 1157 1662 Orientis
1186 1585 1421 1690 Imperatoris

2 1682 143 1760 schisma
160 1681 327 1786 ingentes
343 1680 459 1772 turbas
477 1677 552 1756 imo
569 1679 782 1757 calamitates
802 1679 967 1762 offirdilse
984 1683 1144 1762 Ecclestae
1162 1684 1297 1781 latine,
1321 1711 1361 1764 ut
1375 1713 1421 1765 ex

2 1783 7 1860 i
36 1782 100 1860 lius
117 1780 258 1860 Nicolai
275 1777 460 1860 Pontificir
476 1776 626 1883 epistola
644 1780 689 1858 ad
705 1779 1188 1862 Hincmarum'Rhemorum
1198 1785 1421 1891 Episcopum
1430 1792 1652 1877 Apudflaronia

2 1811 76 1962 dita
91 1881 213 1962 videre
220 1881 289 1960 esl.
368 1884 439 1974 lam
457 1907 538 1960 curn
561 1881 716 1959 eundem
730 1886 863 1985 Papam
881 1882 944 1964 vix
965 1883 1114 1986 quidem
1131 1886 1250 1974 latere,
1261 1879 1544 1989 potueriradbum
1558 1903 1603 1947 Μ·

3 1985 71 2090 pso
87 1985 159 2062 hoc
173 1981 294 2072 Photii
310 1981 495 2058 schismate
512 1982 569 2060 SS.
590 1981 772 2085 Cyrillum
789 2009 831 2060 ac
849 1984 1085 2062 Methodium
1105 2011 1125 2064 a
1145 1984 1331 2066 Michaule
1351 1991 1421 2063 ltn-

2 2107 152 2185 ›eratore
174 2083 296 2162 missos
320 2081 368 2160 ad
384 2081 615 2178 Morariam,
640 2085 834 2186 &procul
849 2083 963 2163 dubio
979 2087 1084 2164 etiem
1101 2086 1305 2166 vicinorum
1321 2087 1422 2192 Epis

2 2213 164 2292 toporunr
180 2183 387 2264 Germania
401 2183 448 2260 ad
468 2185 720 2288 edm-querele
739 2183 859 2262 delata
877 2185 1028 2280 firerint,
1055 2189 1157 2288 quod
1183 2188 1276 2267 sacra
1293 2189 1331 2269 in
1351 2191 1422 2270 lin·

2 2312 60 2393 gua
75 2285 210 2365 Slurica
226 2306 466 2391 peragantur,
490 2305 551 2360 aut
569 2308 667 2362 certe
684 2281 722 2360 id
736 2311 782 2364 ex
809 2285 933 2400 legatis
948 2286 1015 2365 suis
1031 2289 1076 2366 ad
1091 2291 1155 2366 Bul
1206 2290 1294 2368 rium
1316 2293 1421 2370 miliia

2 2376 190 2492 :oinperite
225 2383 414 2490 pomeria,
455 2382 557 2483 qucrd
590 2383 726 2462 ibidem
766 2387 921 2465 Slavrcus
951 2386 1036 2465 ritus
1070 2389 1114 2466 ab
1151 2390 1218 2468 ilis
1253 2391 1421 2470 induem

2 2487 114 2581 iterit,
137 2485 267 2566 metito
294 2485 369 2564 haec
384 2483 528 2562 Nicolai
549 2488 652 2588 Papae
671 2483 949 2566 sollicitudinem
971 2489 1217 2667 exapitarunr,
1242 2515 1281 2568 ut
1297 2517 1343 2568 ex
1360 2490 1420 2568 iis-

2 2588 68 2678 lem
93 2587 320 2690 exquireret,
355 2613 430 2687 quo
459 2585 558 2664 sensu
587 2609 674 2688 erga
700 2591 902 2666 Romanam
927 2591 1120 2666 Eccleram
1142 2598 1178 2669 δι
1205 2590 1422 2670 Pontificem

2 2687 129 2768 nimati
158 2689 290 2783 essent,
315 2683 512 2793 prasertim
531 2713 615 2762 curu
629 2686 748 2764 Greci
769 2713 844 2766 turn
863 2714 941 2768 uon
958 2691 1073 2768 modo
1090 2691 1247 2796 maligne
1265 2694 1301 2767 X
1320 2701 1424 2771 erro·

2 2813 42 2868 ee
55 2787 170 2867 latinis
187 2787 468 2893 imputaverint,
496 2813 588 2888 quus
604 2786 649 2864 ad
666 2787 822 2866 eundem
846 2815 979 2868 anuum
997 2789 1093 2895 apud
1113 2791 1308 2872 limonium
1322 2795 1422 2898 lege·

2 2889 117 2984 eest,
142 2889 203 2967 sed
219 2900 254 2968 dc
274 2889 350 2995 ipse
365 2887 528 2966 Michuel
545 2891 747 2990 Imperator
766 2888 912 2968 latinatn‘
925 2890 1087 2998 linguam
1105 2917 1275 3010 tanquam
1293 2898 1424 2974 barba·
1552 2945 1555 2954 ν

2 3014 66 3068 am
85 2999 123 3068 dc
140 2989 345 3094 Scythicam
365 2987 574 3067 calumniari
592 2989 689 3066 ausus
710 2989 752 3066 fit
781 2989 819 3068 in
838 2991 987 3096 epistola
1007 2995 1064 3072 sua
1077 2994 1123 3078 ,ad
1144 2999 1344 3074 Nicolaum
1356 2997 1651 3083 dnssnonmdu

8 3131 33 3168 s.
105 3089 201 3165 aua
229 3089 493 3166 verosunillime
517 3087 642 3186 eadem
665 3089 809 3194 prorsus
834 3093 933 3172 causa
951 3092 1039 3188 suit,
1061 3096 1167 3194 quod
1184 3099 1246 3173 Bul
1298 3093 1505 3174 romm865·

23 3217 69 3268 ex
100 3187 246 3266 dimiffis
269 3187 356 3266 fidei
373 3215 428 3265 rna
456 3187 563 3283 istria,
590 3217 681 3292 quoa
697 3217 742 3267 ex
759 3191 898 3268 Gracia
915 3193 1012 3295 prius
1026 3197 1216 3287 habuerat,
1239 3195 1326 3271 aios
1344 3220 1423 3272 non
1560 3251 1566 3258 -

7 3289 106 3406 todo
144 3287 273 3405 latinos
299 3315 318 3368 a
337 3217 490 3406 Nicoiao
505 3295 620 3405 Papa,
646 3289 705 3368 sed
723 3290 1003 3404 dtaLudovico
1025 3293 1229 3372 Germania
1246 3298 1354 3402 Rege
1369 3295 1422 3372 su·

3 3401 5 3410 ⁴
62 3418 128 3470 ore
144 3417 218 3490 tant
239 3415 339 3470 anno
357 3415 516 3495 perient,
530 3418 590 3494 qut
610 3392 846 3496 posteriores,
863 3418 901 3470 ut
918 3395 1117 3502 loqutmtut
1134 3397 1289 3476 Annales
1308 3403 1422 3476 Fran·

9 3536 13 3556 ι
67 3491 236 3586 ldenser,
260 3491 414 3598 cum-ud
435 3495 636 3598 Bttlgatiam
661 3494 735 3572 hoc
752 3517 851 3572 anno
869 3494 1119 3596 pervenirent:
1147 3499 1284 3603 Episcopi
1299 3521 1320 3576 t
1335 3507 1521 3594 Pon-Adi.
1536 3547 1581 3602 m,

39 3627 56 3674 r
73 3596 219 3674 almam
233 3598 424 3694 miffiroruru
441 3599 528 3670 illum
543 3613 661 3671 terram
670 3597 873 3696 predicanda
890 3597 933 3675 ὅ
950 3599 1135 3702 baptizando
1146 3611 1218 3706 jam
1234 3625 1308 3680 tunc
1322 3609 1421 3704 reple·
1560 3643 1565 3650 ·

22 3699 1422 3910 illumilllllshllh,lllll‘lz'llllllnhllell

2 3897 63 4013 'pla
78 3923 221 4013 contra
233 3899 361 4012 latinos
377 3895 422 3972 ad
439 3897 690 4009 patriarchales
707 3896 853 3978 orientis
871 3897 969 4016 sedes
987 3900 1086 4000 datu,
1112 3925 1219 4006 quam
1238 3898 1422 4007 integram
1616 3933 1622 3959 ι

2 4013 101 4294 Γ(
120 4002 431 4080 Emmentlffimua
451 3999 638 4082 Batonius.
1427 4011 1533 4092 Berua
1548 4029 1652 4104 alan,

1428 4113 1503 4195 863.

3 4234 540 4388 immmundiora
752 4299 785 4430 a
939 4238 942 4253 ’
1194 4317 1199 4324 ·
1311 4303 1373 4416 rr.
