3984 5036
613 297 832 402 Neruam
857 323 893 402 6.
1208 412 1211 420 ,
1338 275 1374 298 Ἄ
1417 347 1463 428 31

38 483 78 552 ln
87 489 171 580 genle
185 495 253 550 mee
266 469 361 548 lodie
374 496 495 577 quante
503 470 671 585 perdurat.
749 474 802 549 Ar
826 497 871 549 ex
887 489 1037 570 vstraque
1054 467 1181 550 vetusti
1200 469 1360 552 authoris
1382 469 1466 572 vita.
1568 447 1575 467 Ι

49 601 154 672 quem
179 572 290 650 adfert
306 571 552 650 Hensclrentus
576 569 621 646 ad
649 597 683 667 9.
703 571 832 652 Martii
856 571 968 673 liquet
984 574 1016 654 S.
1036 569 1214 675 Cyrillrun
1235 574 1307 652 boc
1327 598 1467 654 norrren

51 672 202 774 primum
220 677 343 750 Rome.
358 674 464 777 paulo
478 693 560 750 ante
573 693 731 750 mortem
743 671 1070 764 suamnbtinuille,
1098 669 1212 748 ioitur
1234 671 1272 752 in
1296 671 1467 756 Mortuis

53 771 185 874 degens
201 770 313 850 adhue
328 777 513 870 constantini
528 797 667 852 nomen
685 774 798 874 geffit,
819 799 893 872 quo
910 739 1348 852 nominesuisllationem
1367 773 1468 850 Cora

51 870 149 979 poris
164 873 194 951 S.
211 872 399 951 Clementis
416 877 571 951 Romam
587 871 705 949 adhue
720 874 765 950 ab
781 871 966 951 Anallelio
985 897 1111 950 coevo
1130 871 1293 954 refertur.
1348 875 1397 949 Ut
1414 895 1468 948 tu.

53 994 149 1050 cerm
166 973 238 1066 pen
253 999 298 1051 eo
314 999 391 1051 evo
406 967 486 1052 non
502 997 758 1074 quemcunque
773 971 982 1065 dominum,
1007 971 1066 1050 sed
1087 971 1258 1070 majorem
1274 995 1469 1054 terrarumae

52 1097 121 1183 que
136 1073 364 1176 gubemacula
384 1083 592 1158 uaemntem
609 1073 718 1151 Slevis
742 1071 974 1163 connotalle,
999 1094 1038 1150 ut
1054 1070 1196 1175 pridem
1214 1073 1342 1158 seculo
1363 1073 1471 1174 supe·

51 1195 144 1248 nore
163 1171 351 1252 docuimus.
426 1178 479 1253 At
507 1201 590 1253 cum
610 1171 653 1249 in
676 1171 830 1251 nomine
852 1171 988 1274 Cyrilli
1009 1179 1044 1248 bc
1070 1169 1255 1251 Methudii
1273 1171 1466 1264 versamur,

49 1287 122 1350 non
165 1273 307 1354 reterire
324 1273 411 1352 libet
426 1273 542 1354 hodie
558 1300 579 1349 a
596 1272 702 1354 nobis
729 1274 851 1376 paffim
874 1273 1065 1350 vernacule
1084 1279 1190 1374 Cyrilli
1206 1296 1343 1352 nomen
1362 1269 1466 1358 seddi

46 1397 111 1476 per
127 1300 210 1468 dibu
223 1376 280 1452 seu
301 1376 468 1474 {ahorn
494 1377 652 1450 Mrvlsudt'i
676 1397 768 1452 vero
791 1395 856 1474 per
874 1372 1061 1467 &nubere
1120 1371 1162 1448 Id
1181 1395 1391 1452 tamennon
1412 1371 1467 1448 se,
1551 1423 1554 1430 -

47 1475 115 1550 mel
137 1474 275 1552 miratus
303 1476 379 1552 firm
403 1501 464 1552 me
480 1475 668 1566 haetenus,
694 1472 797 1575 qnod
815 1472 988 1566 memini,
1014 1494 1190 1574 nusquam
1209 1471 1281 1552 boc
1295 1497 1466 1554 vernacu-

47 1573 116 1648 lum
132 1599 337 1676 prenomen
355 1572 395 1649 in
410 1573 531 1674 aliquo
547 1571 942 1660 vetustomonumento
956 1569 1098 1676 legisse,
1125 1595 1162 1653 ut
1178 1599 1257 1660 non
1273 1597 1466 1674 perperam
1535 1621 1542 1628 -

47 1697 91 1772 ex
109 1675 179 1750 hoc
194 1699 230 1750 sr
283 1672 431 1752 menan
446 1674 548 1754 liceat
564 1673 652 1751 olim
672 1673 867 1778 priscisque
885 1673 1109 1776 temporibus
1126 1684 1154 1748 C
1194 1677 1233 1757 'lle'
1250 1677 1465 1760 &ssMtthnvlil

45 1771 190 1850 nomine
211 1701 312 1852 nitrum
334 1771 433 1852 fuisse
454 1800 474 1852 a
496 1773 689 1874 majoribus
717 1771 846 1852 nostris
871 1775 1061 1850 vernacule
1081 1799 1124 1852 vre
1153 1771 1248 1861 dite,
1274 1800 1343 1856 nee
1364 1773 1465 1858 enim

13 1937 20 1950 .
44 1871 210 1952 credibile
223 1897 372 1981 gererem
393 1873 558 1953 nostram
569 1875 835 1977 Apostolorum
857 1872 1002 1954 suorum
1025 1891 1244 1977 tantooperc
1274 1872 1375 1960 fuille
1396 1871 1466 1950 inu

42 1999 248 2069 memorem,
276 1999 317 2052 ut
334 1973 399 2050 stbi
416 2001 493 2054 non
519 2002 668 2078 quoque
692 1977 737 2052 ab
765 1973 805 2050 iis
830 1973 1139 2074 quemadmodum
1165 1975 1211 2058 ab
1240 1970 1313 2050 aliis
1340 1969 1464 2060 sanetis

40 2071 246 2178 baptismalia
263 2075 629 2158 nominaadleiverit.
705 2081 751 2152 Et
768 2099 971 2188 quenquam
987 2074 1035 2158 de
1060 2072 1191 2179 Cyrilli
1219 2072 1368 2160 naurire
1396 2070 1464 2148 mi.

41 2172 80 2252 hi
109 2173 196 2254 nihil
228 2175 394 2256 telletum
423 2175 491 2272 stt,
531 2197 652 2268 temen
684 2175 904 2279 suspicione·
920 2195 1096 2281 perpetuu
1128 2175 1289 2278 pulsabat
1321 2183 1463 2264 (ireneus

39 2275 143 2354 resen
158 2285 329 2355 ibernam
343 2302 483 2354 nomen
499 2281 700 2354 Mttlutlinm
724 2301 943 2370 connectere,
971 2303 1039 2377 qua
1061 2273 1098 2354 in
1122 2301 1162 2360 re
1187 2301 1245 2364 me
1270 2273 1462 2364 confirma·

39 2373 93 2452 vit
106 2374 313 2456 Vincentius
330 2377 542 2456 Ganonieus
560 2377 745 2482 Prngenfis
771 2401 792 2452 n
821 2403 879 2456 me
908 2379 1000 2456 inter
1017 2373 1262 2462 Monumentn
1279 2372 1461 2462 bohemie

40 2475 198 2554 nanenus
215 2504 393 2578 nusquam
412 2477 508 2559 edita
532 2479 717 2582 vulgatus,
740 2503 809 2555 nec
835 2504 912 2558 non
938 2476 1134 2580 diplomata
1159 2474 1354 2578 quispiam,
1382 2499 1460 2576 que

37 2575 75 2652 id
89 2577 313 2680 praenominis
332 2581 417 2656 loco
433 2578 620 2660 adhibent.
694 2577 855 2660 Eandem
874 2577 1084 2665 sententiam
1102 2601 1219 2658 tuetur
1237 2575 1461 2663 Nomencla

37 2699 95 2754 tor
112 2675 356 2773 ludunensis,
383 2677 498 2781 quiin
515 2680 726 2782 Cathnlogo
744 2677 816 2757 Ml.
833 2678 1024 2761 nominum
1043 2700 1204 2764 veterum
1225 2677 1369 2754 suorum
1390 2676 1462 2763 lior

35 2775 254 2856 hemicorum
276 2778 449 2873 ornum
465 2782 664 2857 Methodium
681 2783 948 2882 interpretetur,
967 2804 1075 2879 quem
1094 2774 1274 2860 seemeris
1291 2771 1459 2882 legitimis

36 2876 209 2956 veteribus
229 2879 455 2958 documentis
473 2879 680 2994 congellille
697 2903 885 2962 memoret.
951 2881 1084 2960 ,Multo
1105 2903 1221 2966 tamen
1238 2875 1409 2970 majorem
1432 2871 1459 2955 is

35 2975 144 3054 fidem
160 2979 347 3085 Cetulogo
374 2979 697 3075 suo‘c'oncniasser,
723 2980 749 3056 su
776 2980 920 3058 smoulis
949 2979 1140 3058 nominum
1160 2975 1457 3092 explicationibus
1543 3043 1546 3054 .

37 3076 313 3172 suborientem,
337 3081 528 3181 luctumque
552 3080 780 3162 monumenti
805 3049 991 3164 ed‘ecill'et.
1068 3079 1111 3156 ld
1139 3077 1372 3168 nihilominus
1392 3070 1460 3168 juri

36 3181 77 3253 δι
112 3175 208 3253 laudi
243 3179 414 3282 Cotelogi
451 3180 551 3274 hujus
601 3181 847 3294 Compiletori
887 3179 1149 3271 tribuendum,
1191 3176 1292 3276 qtsod
1336 3174 1461 3260 adven

30 3274 120 3356 ntia
145 3301 247 3371 trien,
275 3305 352 3380 quae
375 3277 587 3382 perdente
619 3305 812 3360 nommum
838 3277 1014 3376 ejusmodi
1049 3301 1213 3355 veterum
1246 3275 1339 3352 inter
1368 3295 1461 3372 retas.

29 3377 132 3456 tione
157 3375 434 3472 adnotaveram,
461 3405 621 3468 accurate
643 3381 757 3462 relatis
780 3380 852 3477 eins
869 3376 1121 3484 respondeant,
1196 3301 1460 3460 Publicuiimus

27 3477 270 3582 vernalique
299 3505 619 3575 monumentorum
647 3483 852 3562 nostrorum
877 3479 1099 3568 ineditorum
1121 3485 1225 3557 tomo
1255 3477 1460 3564 fustlsrmum
1584 3557 1590 3566 ,

25 3567 201 3674 ejusmodi
220 3580 413 3660 nominum
433 3582 668 3686 propriorum
683 3583 905 3668 Slavieorum
923 3609 1003 3662 cum
1022 3581 1091 3662 suis
1107 3576 1458 3688 interpretationibus

21 3682 223 3786 syllabam,
241 3711 353 3785 quem
371 3682 576 3761 incredibili
592 3682 757 3762 industria
775 3711 820 3763 ex
835 3684 940 3763 variis
957 3681 1041 3762 lulli.
1056 3687 1232 3786 preloque
1245 3679 1344 3793 ⁸datis
1361 3675 1459 3754 libris
1489 3695 1493 3700 '

24 3779 258 3862 concinnavit
276 3781 492 3861 Cleriffimns
509 3787 559 3866 D.
578 3787 732 3878 ,loannes
749 3787 893 3871 Clauser
912 3783 1143 3866 Archivnrius
1161 3788 1307 3883 Regius.
1398 3829 1410 3851 .
1617 3865 1620 3870 ¹

158 3881 231 3962 Sed
252 3883 442 3988 premissis,
460 3911 536 3984 que
555 3883 601 3962 de
618 3883 768 3972 nomine
782 3889 815 3964 S.
832 3884 964 3988 Cyrilli
981 3882 1089 3964 dubie
1105 3904 1225 3970 erunt,
1249 3875 1376 3972 adeius
1393 3899 1463 3990 ge,
1510 3895 1514 3968 j

21 3979 71 4060 lin
86 3983 262 4064 redimus.
317 3988 455 4062 Auctor
476 3985 595 4085 itaque
614 3986 701 4064 Vite
718 3989 775 4064 SS.
794 3983 928 4090 Cyrilli
945 3991 982 4072 bl
997 3979 1186 4062 Methodii
1203 3975 1249 4058 de
1265 3979 1299 4062 S,
1317 3977 1461 4080 Cyrillo
1474 3995 1543 4058 Ana
1556 3991 1605 4062 88.
1619 3993 1680 4058 Bal.

18 4107 158 4164 narmt:
186 4088 311 4162 Eodem
335 4105 468 4185 ternpore
488 4091 534 4160 ed
546 4089 716 4190 prefatum
733 4097 955 4187 Imperatorem
969 4079 1221 4181 (Michaelem)
1246 4091 1281 4162 s‘n
1295 4079 1540 4177 confiantnlane
1553 4081 1627 4156 ⁶³9·

18 4193 121 4292 ”dliii
135 4207 296 4266 mm
314 4193 509 4264 GWWM
531 4193 623 4293 legati
644 4186 860 4292 fippls'centtn
888 4191 1039 4296 quatenns
1053 4187 1238 4291 dignaretur
1255 4186 1392 4289 aliquem
1408 4191 1459 4257 vi·
1470 4163 1580 4228 Mami
1590 4181 1622 4249 t·
1634 4175 1691 4230 ²2·

1335 4308 1410 4358 rnm
