4094 5040
1 541 3 568 ,
137 345 1557 574 mmmmm?

6 627 9 632 ’
560 595 1129 760 nmmushm

142 791 365 1162 Nihil
383 800 467 917 jam
489 789 776 890 crudeliffimae
795 789 985 908 Jezabeli
1012 796 1064 883 ad
1095 791 1299 894 'summam
1333 785 1562 882 immanilli-

330 969 485 1031 marum
505 940 679 1028 caedium
692 939 835 1026 deerat
853 930 1234 1041 extraLudmillam
1252 932 1413 1029 socrum
1435 929 1562 1042 sunm,
1597 945 1611 976 ·
1673 992 1689 1025 .
1846 921 1851 942 ⁸

79 1127 86 1138 .
235 1159 239 1168 .
329 1084 546 1196 aviamque
562 1075 840 1183 Weneeslai,
875 1072 925 1161 ad
954 1098 1079 1187 quam
1102 1074 1155 1162 de
1176 1074 1318 1164 medio
1336 1070 1563 1161 tollendam

141 1245 290 1310 omnes
308 1219 488 1307 intendit
506 1215 713 1304 machinas
746 1211 995 1322 sanguinaria
1011 1212 1175 1302 mulier.
1204 1201 1253 1298 (a)
1310 1199 1454 1300 'Erant
1470 1229 1563 1297 tunt
1642 1319 1649 1331 ι

143 1359 187 1446 in
215 1353 652 1469 Dranomiraepahrio
689 1353 771 1440 duo
803 1348 1001 1440 Germani
1032 1345 1181 1440 iratres
1209 1345 1376 1439 'suman
1410 1350 1452 1437 ἃ
1481 1343 1565 1436 Ku-

143 1521 239 1601 man
265 1485 316 1581 (l)
360 1494 442 1582 viri
472 1491 627 1606 oppido
656 1490 703 1596 ¹in'
733 1484 935 1577 Bohemia
969 1487 1212 1620 mamati„
1248 1517 1353 1604 quos
1400 1487 1566 1602 vulgar,

136 1629 259 1746 quod
283 1629 539 1742 gentilitium
555 1627 711 1740 infigne
734 1631 856 1744 caput
878 1625 964 1741 apri
984 1624 1170 1740 ferrent,
1204 1625 1341 1742 passim
1358 1627 1566 1740 Aprugna

148 1773 284 1876 capita
302 1768 502 1880 vocabat,
526 1756 575 1854 (⁶)
610 1785 749 1854 ortum
768 1765 882 1856 enim
898 1763 1114 1854 trahebant
1138 1793 1193 1854 ex
1212 1761 1401 1875 BiWogii
1424 1757 1788 1922 donro,ssg:l⁰;2ffi³m

30 1999 33 2004 ,
149 1906 246 2022 qui,
290 1925 337 1995 ut
355 1905 452 1993 alias
469 1904 823 2014 memoravimus,
869 1921 966 1992 ante
983 1900 1061 1990 tria
1081 1901 1246 2018 secula,
1289 1929 1442 2018 nempe
1460 1866 1690 1990 annonarii
1708 1926 1768 1986 rr„-

147 2043 314 2133 decimo
337 2040 459 2136 sexto
479 2039 596 2158 supra
613 2033 1055 2158 septingentefimum,
1079 2071 1319 2159 aprumper
1337 2069 1455 2132 aures
1475 2071 1567 2157 cap-
1580 2031 1656 2076 ''¹⁶'‘

146 2199 239 2273 turn
258 2181 301 2270 in
321 2183 491 2270 castrum
508 2177 748 2268 Wiffehrad
765 2180 946 2268 humeris
967 2180 1275 2300 deportaverat.
1355 2179 1463 2305 Haec
1482 2183 1565 2270 duo

147 2319 366 2407 hominum
393 2315 548 2408 scelera
581 2319 687 2406 clam
713 2316 833 2408 adse
866 2335 994 2408 vocat
1027 2311 1158 2434 effera
1174 2347 1328 2430 nurus,
1364 2325 1567 2429 hortatur,

147 2453 364 2576 obsecrat,
398 2457 586 2572 pecuniis
604 2458 649 2548 tc
673 2455 744 2573 spe
761 2458 1026 2574 premiorum
1052 2459 1183 2570 emit,
1209 2475 1277 2562 ¹ut
1294 2455 1486 2546 amicitiae
1527 2457 1570 2546 fi*

93 2621 98 2626 ·
150 2595 404 2708 mulatione,
424 2593 668 2709 visendique
688 2593 827 2711 specie
844 2595 1091 2708 Tetinium,
1114 2583 1178 2681 (a)
1211 2597 1322 2712 quod
1344 2595 1444 2682 olim
1470 2596 1570 2684 utri·

59 2719 68 2734 ⁸
150 2759 283 2848 usque
319 2733 521 2845 majorum
551 2730 671 2824 sedes
708 2755 824 2848 erat,
850 2721 901 2820 (θ)
948 2733 1224 2845 accederent,
1265 2731 1570 2850 Ludmillaeque

152 2897 310 2986 quaqua
345 2873 514 2968 demum
552 2889 641 2961 arte
667 2891 737 2963 aut
765 2873 863 2960 dolo
894 2868 955 2961 fas
974 2869 1105 2985 effer,
1148 2854 1332 2964 mortem
1350 2873 1568 2964 inferrent.

150 3005 245 3097 Hac
281 3010 369 3098 auri
389 3012 737 3128 praenriorumque
763 3009 877 3098 farne
900 3015 1114 3102 aestuantes
1133 3011 1261 3100 hearii
1282 3013 1441 3102 lacinus
1458 3015 1502 3100 in
1529 3011 1570 3100 se

152 3147 307 3238 alacres
331 3149 564 3264 recipiunt,
598 3169 724 3265 atque
749 3169 847 3240 ante
869 3145 967 3237 solis
986 3171 1124 3238 ortum
1142 3149 1223 3258 jam
1242 3152 1348 3240 intra
1365 3149 1570 3241 Tetinen·

2 3349 4 3360 ·
148 3267 204 3377 ¹fis
224 3287 329 3375 arcis
353 3288 457 3376 valla
481 3287 711 3377 conirstrmt.
793 3283 1005 3385 Advertit
1023 3289 1137 3377 illico
1156 3285 1257 3376 boni
1274 3289 1387 3402 genii
1410 3287 1576 3378 instinc»
1706 3337 1716 3364 ι

151 3441 200 3514 tu
219 3419 430 3516 Ludmilla
458 3424 641 3542 hospites
670 3437 746 3514 hos
772 3417 834 3517 (s)
870 3426 914 3514 in
943 3445 1067 3542 caput
1084 3423 1403 3532 suumffarmatos
1422 3423 1570 3543 adello,

153 3589 280 3680 quare
298 3584 629 3680 praetermorem
661 3566 798 3654 accito
819 3559 949 3654 Paulo
972 3561 1197 3680 Capeliano
1223 3562 1295 3656 suo
1318 3567 1464 3657 vetulo
1484 3595 1571 3656 orn·

151 3703 351 3820 niumque
382 3699 571 3793 fidillrmo
594 3703 639 3792 in
673 3701 874 3792 mandatis
908 3705 1000 3816 dat,
1039 3721 1087 3792 ut
1108 3703 1150 3790 in
1174 3703 1342 3794 edicula
1363 3703 1468 3796 Divi
1486 3679 1803 3864 pppstprmnapae-

111 3866 116 3876 ·
156 3842 306 3929 chaelis
324 3837 582 3953 Archangeli
608 3828 658 3937 (a)
693 3842 955 3931 incruentum
986 3839 1228 3932 lucrificiam
1256 3847 1353 3936 litet
1380 3843 1571 3964 supremo
1586 3785 1807 3972 ata-afflui

8 3987 40 4074 ’,
78 4031 85 4040 ·
153 3969 343 4070 Numini.
428 3979 498 4070 Ibi
518 3981 587 4068 illa
605 3979 648 4070 in
670 4005 803 4094 genua
825 3980 1020 4095 procidua
1042 3981 1186 4068 humili
1209 3981 1462 4078 confellione
1486 4015 1571 4078 rea·
1587 3967 1686 4108 ’,Ὺ
1703 3973 1805 4039 ΜΨ·

152 4135 222 4210 tus
243 4115 341 4212 luor
377 4119 548 4246 expiat,
583 4119 845 4248 animamque
877 4118 988 4208 inter
1013 4115 1319 4220 sacrificandum
1349 4124 1393 4216 in
1423 4153 1569 4224 manus

812 4257 927 4354 Ouo
969 4277 1000 4358 t
1384 4265 1508 4361 Crea-
