4094 5040
615 423 627 430 .
678 291 939 402 sumtum
972 336 1032 402 tt.
1116 357 1126 370 ·
1448 345 1566 426 ‚4772
1612 329 1618 337 '

102 495 162 608 T„
182 494 275 581 ces!
298 501 402 604 quas
432 487 546 578 ultro
577 489 857 604 precidendos
890 487 1086 604 porrig03
1115 485 1245 600 gellio
1265 483 1379 578 enim
1405 511 1551 602 pecca,

54 697 58 706 .
128 697 158 743 ‚,
177 625 263 720 trix
295 629 481 718 omnium
508 626 690 724 maxima
718 623 957 739 sanguinem
989 626 1136 716 Christi
1162 654 1304 716 amore
1327 625 1549 745 profundet

127 829 156 882 „
177 795 235 856 re.
259 835 286 879 ‚‚
381 764 465 856 Sed
485 765 695 880 parricide
716 765 888 880 incepto
911 766 1112 858 obstinate
1134 766 1387 879 infistebant‚
1420 785 1546 884 atque

125 933 202 1019 per
230 907 407 994 lnrteum
439 906 600 1028 gutturi
627 902 826 1019 injedlurn
861 905 958 995 hinc
985 923 1109 1018 atque
1135 903 1251 994 illinc
1273 903 1317 992 in
1337 923 1544 994 transcen

1 1093 5 1099 ·
124 1041 214 1132 suur
258 1053 469 1133 trahentes
506 1043 666 1138 tamdiu
695 1063 929 1133 matronam
965 1043 1153 1132 omnium
1196 1038 1544 1134 honoratiffirnam

124 1199 220 1270 toto
240 1182 429 1271 conclavi
456 1199 637 1294 raptant,
664 1170 715 1268 11)
749 1179 852 1269 duur
873 1180 1132 1284 seminecem
1152 1181 1202 1270 ad
1222 1177 1363 1269 saxum
1386 1249 1398 1296 ‚
1430 1182 1543 1298 quod
1558 1199 1761 1288 tamnu

123 1321 310 1433 precanti
331 1317 498 1410 scabelli
521 1319 618 1408 vice
641 1315 874 1430 seruiebat,
892 1326 1205 1434 pertraherent3
1238 1319 1298 1406 ibi
1320 1318 1543 1418 Ludmillae
1558 1304 1630 1348 ⁶⁶²¹*

122 1455 282 1545 sacrum
311 1476 434 1571 caput
460 1457 513 1550 fic
543 1457 594 1544 ad
613 1454 770 1549 Saxum
798 1456 978 1569 allisum,
1009 1475 1057 1546 ut
1079 1483 1301 1572 erumpens
1325 1459 1543 1552 evulnere

120 1593 258 1704 largus
288 1591 449 1704 sanguis
475 1593 518 1682 id
546 1619 691 1706 magna
716 1621 773 1684 ex
796 1615 914 1711 parte
945 1595 1154 1710 tingeret,
1179 1623 1304 1711 quem
1336 1598 1462 1685 hodie
1485 1595 1540 1688 eo

97 1730 164 1818 in
204 1727 292 1843 ipso
322 1727 419 1819 saxo
452 1728 634 1844 spatiare
667 1731 783 1824 licet.
889 1731 935 1824 Si
963 1734 1056 1850 quis
1079 1761 1128 1823 ea
1151 1735 1441 1823 incredulitate
1462 1739 1534 1850 est,
1553 1743 1684 1846 Loium
1625 1751 1705 1807 eius
1715 1751 1774 1816 a«

35 1965 42 1978 ,
117 1885 167 1960 ut
197 1869 323 1958 fidem
355 1871 494 1967 verbis
523 1871 669 1965 nostris
701 1899 787 1960 uon
820 1871 1037 1985 adhibeat,
1087 1873 1258 1962 accedat
1287 1872 1400 1970 eninr
1429 1805 1624 1992 vemgnm
1592 1834 1742 1897 ‘'mm“

1 1997 12 2006 ’
118 2001 365 2136 Tetiuiunr,
393 2009 526 2123 palam
559 2009 765 2098 hausturus
795 2013 954 2124 oculiS,
992 2010 1107 2128 quod
1137 2011 1205 2120 liic
1236 1983 1508 2114 alleriurusd
1492 1977 1540 2097 (1')

118 2141 191 2232 Sic
220 2145 486 2259 praefocatam
519 2145 732 2261 piillnnar'n
756 2146 904 2262 Marty
892 2175 997 2240 rrem
1033 2146 1280 2265 sarcophago
1321 2152 1539 2264 repositam

120 2279 660 2374 famulitium‘fflnistianum
698 2285 805 2376 duce
827 2279 955 2377 Paulo
990 2289 1243 2400 presbytero
1285 2289 1329 2376 in
1355 2309 1540 2375 cemete«

117 2420 182 2515 rio
217 2416 413 2510 Ecclesrae
441 2421 485 2511 S.
518 2421 747 2516 Catharinae
780 2413 907 2514 a'dfito
935 2413 1001 2514 (m)
1052 2411 1198 2536 nra'gna
1239 2424 1398 2539 pietate
1427 2427 1537 2524 inter

115 2558 320 2672 lacrymas
351 2560 609 2677 ejulatusque
635 2563 872 2658 tumulavit.
985 2557 1179 2652 atvero
1201 2559 1369 2651 Tuman
1390 2563 1432 2654 dc
1453 2561 1538 2649 llu

117 2723 214 2784 man
242 2699 381 2788 citatis
405 2701 525 2814 equis
552 2697 788 2788 Willehrad
767 2703 864 2790 duru
901 2699 1062 2792 revecti
1085 2729 1107 2788 a
1129 2683 1371 2790 Drahomira
1395 2702 1536 2791 exitus
1552 2713 1656 2776 Praem
1643 2731 1737 2776 noer

48 2855 56 2866 ·
115 2835 402 2946 comperiendi
438 2837 557 2926 avida
591 2839 812 2954 plurimam
847 2841 934 2936 auri
956 2840 1201 2960 argentique
1222 2843 1310 2932 vim
1332 2818 1611 2959 parricidii⁹“
1583 2797 1718 2883 ‘ism'

115 2973 355 3060 mercedem
391 2975 540 3064 tulere.
570 2964 623 3061 (η)

261 3106 378 3208 Quin
411 3131 590 3226 uterque
620 3114 671 3201 ab
706 3116 878 3228 ephebis
907 3117 1090 3227 regionis
1112 3117 1349 3208 Tetinenfis
1373 3117 1535 3228 optime

114 3269 287 3362 gnome,
329 3250 481 3364 pedem
507 3251 620 3338 isthic
653 3253 857 3365 defigere,
894 3249 1120 3371 sedemque
1153 3257 1314 3369 posthac
1347 3253 1534 3362 deligere

112 3383 264 3476 statuit.
372 3383 468 3477 Nec
500 3371 545 3478 id
577 3389 627 3478 ab
659 3387 905 3482 Drahomira
933 3393 1156 3505 impetrare
1177 3387 1353 3482 difficile
1386 3377 1534 3502 viliam,
1589 3409 1594 3416 '

48 3585 53 3594 ·
110 3521 226 3633 cujus
260 3525 390 3638 gratia
411 3529 686 3642 principatum
720 3529 840 3619 istum
867 3518 1085 3646 externplo
1105 3527 1291 3620 invalere
1320 3527 1485 3614 divisis
1475 3555 1534 3613 rn-

110 3659 253 3752 tecle
288 3667 528 3780 montibus,
568 3659 1026 3784 silvis,agrisque.⁰(⁰)
1126 3665 1257 3755 Haud
1290 3665 1423 3752 multo
1448 3667 1690 3780 pustouunr
1715 3670 1764 3734 Ta
1908 3761 1912 3767 ,

1547 3781 1662 3822 1111111111

110 3793 224 3886 isthic
244 3797 409 3892 Tuman
432 3805 572 3894 villain
596 3834 695 3921 ponr
683 3737 821 3914 '’jullit
836 3803 1043 3894 Wranic'e
1066 3807 1334 3920 appellatam,
1369 3805 1419 3890 ab
1444 3805 1531 3890 aliis

86 3927 401 4068 ‘Wranowska
439 3940 614 4032 Hourlra
659 3939 824 4032 dicitur.
855 3930 909 4032 (Ρ)
1018 3940 1183 4030 Kumn'n
1213 3969 1378 4057 quoque
1412 3939 1531 4054 super

108 4075 226 4169 edico
257 4099 405 4172 monte
437 4081 619 4200 ligneam
650 4083 821 4308 domgm
857 4077 1069 4196 condidit,
1108 4081 1151 4174 &
1189 4083 1383 4198 quoniam
1419 4081 1454 4234 is
1487 4075 1529 4166 se

295 4243 303 4260 ·
804 4244 870 4305 oo
911 4241 937 4338 3
1380 4244 1460 4334 prr-
