3984 5036
585 298 591 308 ⁵
627 317 851 402 Nunnius
887 313 921 404 a.
1218 393 1222 396 .
1463 333 1490 430 7

56 479 119 562 hic
136 473 300 558 attulill'e.
368 475 414 550 Et
430 469 574 574 quidem
593 497 632 551 tit
648 499 724 552 rem
738 475 784 551 ab
801 474 879 555 ovo
896 495 1095 578 repetamus
1113 475 1257 575 eiusque
1278 473 1401 554 fabule
1421 471 1489 552 lni.

58 583 126 676 tia,
154 580 397 668 incrementa,
424 575 684 677 interitumque.
703 577 975 680 persequamur,
1003 575 1232 678 longioribus
1251 575 1423 654 nonnihil
1437 574 1488 652 en

61 681 98 758 le
114 681 225 762 libet:
253 683 341 758 Hoc
357 702 452 754 anno
470 677 643 756 Batonius
661 704 707 755 ex
727 675 923 755 Chronico
942 676 1100 754 Mariani
1119 676 1217 754 Scoti
1236 678 1395 780 proserit
1421 685 1489 753 iliu.

61 813 100 862 iit
125 785 362 885 odingcnufimo
383 785 628 886 quinquagesimo
652 788 743 854 turio
761 786 820 854 leo
846 786 931 880 Papa
957 779 1030 852 oliti
1049 782 1180 857 Kalend.
1197 783 1330 880 Augusti.
1406 786 1586 861 HuicAdb,
1603 814 1629 866 a.

49 881 188 984 fiiccifft
204 891 334 982 joanna
348 882 465 982 Puplffli
481 889 700 980 tnuli'erunm'r
717 881 832 956 diulus
841 935 852 972 ,
878 880 1023 980 menfilus
1035 891 1190 987 quinque,
1218 883 1324 958 dicbus
1343 903 1490 985 quatuor.

54 987 91 1062 E
109 1008 187 1083 quo
202 987 286 1060 loco
305 982 559 1059 Eruditiffimus
576 977 770 1057 Annalium
787 979 1110 1060 Eccleliasticoium
1127 1005 1229 1086 pitter
1244 980 1419 1060 Batonius
1437 1007 1495 1058 ar,

59 1101 310 1186 gumentatur':
335 1081 542 1162 Marianum
558 1075 708 1159 Scotum
761 1081 893 1158 rimum
923 1084 1110 1160 authorem
1135 1082 1205 1160 else
1235 1081 1363 1166 insulsae
1392 1077 1495 1179 hujus

65 1193 101 1262 dt
121 1185 269 1283 jamltot
288 1185 415 1264 seculis
442 1186 627 1262 celebrata
652 1110 776 1262 fabulae
793 1182 840 1262 de
861 1186 1004 1278 joanna
1020 1181 1158 1285 Pupilla
1173 1184 1248 1260 hoc
1263 1186 1323 1258 vel
1339 1183 1418 1259 solo
1439 1209 1497 1258 nr,

54 1311 257 1390 gumento,
283 1277 591 1389 quod'neminem
613 1309 661 1363 eo
681 1283 911 1373 vetustiorem
931 1282 984 1360 rei
1004 1282 1105 1378 hujus
1129 1283 1335 1360 assertorem
1353 1307 1496 1385 repere,

62 1389 127 1485 rii,
153 1387 359 1467 eMiiriano
383 1412 477 1464 ueto
506 1388 617 1461 Scoto
636 1383 783 1460 eandem
800 1384 956 1462 fabulam
983 1383 1183 1462 desumsilse
1212 1408 1254 1462 ac
1280 1382 1520 1488 propagalsd·

1 1522 2 1526 ¹
62 1487 237 1567 existimat
266 1490 499 1594 Sigebertum
525 1483 830 1564 Gemblacensem.
909 1483 1008 1568 Dein
1034 1485 1143 1563 armis
1169 1483 1333 1562 maxime
1353 1489 1404 1562 Pa
1436 1482 1496 1568 iiii
1624 1575 1629 1584 ¹

62 1591 225 1668 Mesenis
238 1589 354 1682 Galli,
371 1596 407 1664 δι
425 1583 646 1665 Florimoiidi
665 1584 923 1664 deRemundo
941 1587 989 1664 sic
1008 1587 1158 1665 conficit
1177 1586 1376 1664 monstruni
1391 1515 1495 1680 illud,

64 1714 104 1765 ui
120 1693 229 1793 plane
245 1711 416 1794 appareat
431 1685 611 1791 putidum,
641 1686 879 1791 ineptumque
898 1714 1145 1767 commentum
1162 1688 1251 1780 else,
1276 1697 1312 1765 δι
1331 1691 1390 1767 vel
1412 1713 1495 1772 nnn

64 1787 105 1866 ni
139 1788 440 1870 verisimilitudine
456 1787 669 1865 destitutum.
750 1789 894 1880 Baronii
914 1789 1113 1868 solidissima
1131 1804 1341 1894 argumenta
1358 1787 1419 1866 hic
1432 1788 1494 1868 sub

60 1889 233 1969 incudem
256 1892 420 1983 mittere,
447 1895 482 1966 de
511 1892 685 1994 longum,
711 1897 745 1967 St
778 1915 878 1967 extra
903 1889 1058 1988 historia
1087 1891 1212 1968 nostra
1240 1888 1427 1980 ordinem,
1459 1894 1497 1971 δι

58 2019 132 2070 nee
155 1994 224 2088 jum
253 1995 370 2096 opera
399 1989 556 2096 pretium
582 1991 784 2088 censemus,
812 1991 1109 2094 quandoquidem
1126 1995 1184 2071 vel
1204 1991 1296 2070 inter
1317 1989 1412 2094 ipsos
1430 1988 1496 2066 hev

57 2093 261 2172 terodorios
282 2092 398 2172 hodie
418 2117 531 2169 nemo
545 2090 723 2169 eruditior
740 2091 937 2195 reperitur,
964 2093 1026 2195 qui
1046 2093 1290 2172 narrationem
1306 2093 1400 2170 hanc
1415 2116 1495 2172 non

55 2193 154 2275 inter
169 2217 284 2300 nugas
301 2201 338 2274 δι
353 2191 584 2271 deliramenta
600 2183 853 2296 imperitorum
879 2221 918 2272 re
947 2219 1053 2288 onai,
1079 2195 1135 2272 cui
1152 2193 1271 2272 David
1288 2193 1624 2274 Blondellussslttdel·
1646 2197 1698 2264 Tr,
1792 2244 1796 2258 i

57 2297 117 2374 vir
131 2295 340 2400 cumprimis
359 2294 503 2388 doetus,
528 2298 586 2372 vel
602 2295 713 2398 ipsea
733 2294 831 2372 neris
848 2323 898 2374 no
931 2297 986 2388 ris⁸
1002 2297 1147 2392 alienus,
1165 2295 1298 2398 insigni
1317 2319 1491 2399 apparatu
1500 2279 1718 2360 contrisiaJo.

53 2397 295 2477 funus'durit
319 2396 387 2488 iani
414 2395 759 2499 superioresaeculo,
843 2395 970 2474 Scribit
994 2421 1127 2476 tamem
1151 2397 1377 2476 Godefridus
1396 2367 1625 2516 Guissgffl
1659 2445 1711 2525 hist
1792 2448 1800 2458 -

54 2500 201 2576 llelmus
224 2497 421 2576 Leibnitins
438 2495 477 2572 in
495 2501 666 2576 Tradatu
682 2497 764 2575 suo:
791 2507 891 2584 Floras
900 2503 1005 2602 sparss
1014 2512 1049 2578 i'n
1067 2505 1218 2578 ttmiulum
1232 2500 1353 2600 Papiffa
1371 2523 1490 2599 nuper
1500 2495 1633 2614 (pm-„32
1659 2493 1719 2598 Na:

53 2603 215 2706 vulgato
243 2624 423 2703 repertum
447 2623 525 2676 non
544 2597 685 2701 pridem
704 2599 823 2678 adhuc
838 2600 1017 2702 quendam
1037 2601 1214 2680 celebrem
1232 2599 1325 2676 inter
1340 2600 1405 2677 sua
1421 2599 1554 2688 secvtft
1569 2637 1599 2699 p,
1615 2599 1686 2697 297,

52 2727 99 2780 tae
120 2701 290 2779 homines
305 2701 567 2802 Theologum,
594 2701 747 2802 quietim
765 2705 940 2782 enimulo
961 2700 1160 2779 resuscitare
1172 2700 1379 2800 ,latuentibus
1396 2698 1491 2782 haud
1648 2757 1651 2762 ·

54 2805 186 2908 paucis
212 2825 359 2880 conatus
386 2800 447 2891 lit,
474 2825 581 2902 arque
611 2801 790 2907 proinde,
817 2825 854 2880 ut
873 2829 950 2880 eain
967 2802 1011 2878 ad
1026 2804 1220 2900 tumulum,
1247 2795 1355 2906 quem
1371 2803 1404 2881 ei
1450 2800 1495 2878 ri.

57 2904 149 2984 deni
168 2903 371 2982 Bloiidellus
395 2901 655 2992 adornaverat,
681 2904 813 2992 nierito
841 2903 1025 3009 pertinere
1050 2904 1274 3000 ostenderet,
1300 2912 1401 2986 Floret
1423 2833 1496 2988 hos

55 3005 172 3108 supet
197 3004 268 3100 eius
295 3005 470 3116 tumulum
498 3004 642 3116 sparsit,
666 3003 968 3107 invidiffimisque
996 3005 1234 3112 argumentis,
1272 3005 1376 3086 etiem
1402 3031 1498 3109 typo

55 3107 216 3212 prolato
236 3102 445 3179 stercoraria
459 3105 548 3180 illius
566 3108 671 3199 sellie,
689 3114 725 3184 de
743 3107 892 3184 duarum
911 3105 1129 3207 reliquarum
1145 3105 1321 3190 ostendit:
1350 3113 1502 3205 illustrem

54 3213 150 3284 banc
175 3209 356 3296 mutim,
381 3227 420 3278 ut
445 3204 580 3304 lnquit,
606 3211 653 3284 ad
677 3216 803 3296 Potius,
828 3240 890 3284 non
918 3211 1071 3305 hillericus
1089 3219 1266 3306 pertititre,
1292 3217 1342 3280 cui·
1365 3217 1400 3280 iii
1420 3205 1499 3305 julla

50 3313 240 3410 temporum
256 3303 367 3382 ordine
380 3307 496 3380 trullum
509 3313 605 3384 lurum
626 3310 885 3413 relinquuiscri'es
902 3333 1011 3380 rtrum
1019 3307 1293 3411 perductumque.
1370 3304 1440 3382 Sed
1462 3326 1501 3384 ut

51 3409 108 3487 ad
133 3407 322 3486 authorem
352 3406 452 3502 hujus
468 3406 592 3484 fabula
611 3409 814 3500 redeamus,
841 3405 1116 3511 deprehendere
1137 3404 1337 3514 Scriptores
1362 3405 1500 3514 quique

38 3497 239 3590 ‘clariffimi
259 3506 429 3591 Mariano
444 3510 578 3601 scoto,
608 3507 745 3612 ipsique
761 3508 956 3615 Sigeberto
984 3505 1142 3614 impingi
1159 3508 1389 3602 calumniam,
1416 3535 1499 3590 cuin
1610 3517 1629 3530 ‘

49 3609 209 3702 huiusce
226 3607 349 3686 sahulae
365 3609 475 3714 primi
491 3613 691 3712 prolatores
706 3612 910 3708 afferuntur,
921 3610 1024 3712 quod
1041 3609 1259 3704 sinceriores,
1269 3611 1498 3690 uetustiores«

49 3739 136 3815 que
153 3709 334 3812 utriusque
349 3710 451 3808 hujus
471 3708 633 3788 authoris
648 3711 733 3794 Mis.
751 3709 908 3791 Codices
927 3713 1067 3816 penitus
1086 3716 1154 3791 hac
1171 3713 1344 3792 relatione
1362 3719 1497 3809 joanne

48 3811 191 3915 Papisii
204 3836 358 3889 careant.
437 3809 602 3928 Suspicio
617 3809 746 3915 igitur,
774 3811 1088 3916 plurimorumque
1106 3813 1238 3916 opinio
1255 3813 1295 3889 in
1314 3822 1496 3890 Martinam

47 3921 217 3993 Bolanum
239 3910 385 3992 dietum.
399 3913 548 4004 recidit,
575 3911 671 4013 quafi
696 3912 723 3990 is
749 3914 888 4017 primus
913 3914 1013 4008 hujus
1032 3915 1155 3992 fabula
1170 3911 1381 3992 architedlus
1399 3912 1495 3998 esset.
1579 3993 1582 3996 ,

45 4019 337 4118 Argumentum
351 4039 445 4093 erat:
471 4013 573 4114 quod
585 4015 794 4092 Ptolemaeus
810 4015 855 4094 de
871 4019 970 4092 Luca
987 4011 1122 4092 ordinis
1134 4014 1407 4094 predicatorum
1426 4016 1721 4102 cinnotemtnhtst.

43 4141 96 4196 ca
116 4139 254 4192 annum
276 4137 386 4212 1342.
403 4113 532 4192 vivens
552 4113 592 4192 in
612 4115 670 4210 sua
693 4115 840 4194 historia
855 4113 1092 4194 Ecclesiastica
1116 4115 1191 4194 liaec
1207 4113 1353 4198 scribati
1382 4126 1494 4200 Omnes
1505 4107 1578 4173 Μ·
1588 4109 1723 4182 ¹·¹⁶·l·⁸·
1767 4207 1772 4214 ,

45 4247 137 4323 quos
164 4219 246 4322 legi,
271 4236 389 4320 pram
413 4223 594 4297 Martinam
624 4215 777 4316 (scilicet
801 4216 1005 4320 Pelonuui)
1034 4219 1169 4300 trudunt
1191 4225 1264 4337 pati!
1280 4227 1491 4425 Leonesmsllf.
1537 4229 1546 4266 l

639 4371 643 4376 .
1259 4340 1262 4349 ·
1384 4351 1443 4395 m.
