4062 5056
650 332 921 438 uninivoai
957 377 988 440 n
1454 327 1561 457 ιιι·

103 509 215 602 solio,
239 527 301 584 etit
320 499 416 582 filios
438 501 499 602 spe
516 499 730 584 succesionis
748 501 875 578 orbare
890 556 912 592 „
928 498 1044 580 minus
1074 513 1166 579 ve'ro
1180 496 1353 595 eiusmodi
1374 495 1536 582 invidio.

7 625 8 698 ]
105 615 173 688 sam
192 608 383 686 ceffionein
402 603 655 706 Suatoplncuni
670 603 907 702 suscepturum
926 599 1037 688 liiille,
1113 599 1292 703 Oportuit
1318 595 1428 701 igitur
1446 623 1533 704 tum,
1650 683 1654 694 f

107 715 184 787 cum
211 708 286 781 bec
308 701 457 780 donatio
483 701 570 780 fade
594 701 666 794 est,
694 727 842 778 vacnum
864 700 964 780 inille
985 699 1255 802 Principatnm,
1281 705 1316 776 δι
1334 699 1534 802 gravissime

106 807 340 884 intercurrere
357 801 480 878 debuit
498 801 612 898 cansa,
639 826 677 876 nt
694 800 870 914 ejusmodi
888 805 1073 886 concessio·
1084 797 1254 886 universe
1262 801 1428 890 Bnhemar
1444 826 1535 902 gens

106 907 161 998 ti,
187 905 263 980 imo
281 899 402 983 ceteris
427 901 567 980 Slnricis
590 904 736 1005 populis
760 904 896 1001 sumine
922 900 1166 1003 prejudiciosa
1184 921 1442 991 attentaretur,
1468 900 1534 1002 nisi

103 1007 234 1082 neum
250 1003 344 1080 situm
365 1003 524 1103 alioquin
543 1005 681 1082 inerme
698 1001 865 1078 omnium
879 1003 1043 1102 gentium
1061 1001 1165 1088 sibilo
1184 1010 1220 1077 δι
1240 1001 1322 1077 risui
1343 1024 1532 1101 exponere

7 1195 8 1198 Ἴ
107 1103 219 1182 voluit
237 1096 461 1206 llinulpbusn
489 1195 496 1200 ,
529 1107 607 1197 Jain
635 1103 662 1180 li
687 1102 945 1178 adAnnalinm
967 1100 1172 1204 Reginonis
1189 1099 1463 1190 elucidationem
1492 1099 1533 1194 iu

47 1217 51 1222 '
106 1203 287 1282 subsidium
308 1229 476 1280 vocemus
493 1201 658 1282 historias
680 1201 815 1296 nostias
833 1203 964 1278 horum
983 1226 1208 1302 temporum,
1227 1199 1532 1302 deprehendimus
1592 1207 1593 1211 ’

101 1303 357 1408 dorzivoginm
381 1303 419 1380 id
444 1301 549 1378 aetatis
576 1304 729 1378 habenas
755 1301 979 1382 moderatum
998 1300 1184 1394 Boemiae,
1209 1302 1386 1404 baptismo
1414 1298 1533 1376 initia-1

98 1429 171 1482 tuni
196 1429 216 1481 a
241 1411 275 1486 S.
294 1400 497 1482 Methodio
523 1423 677 1504 urgente
695 1401 841 1500 quidem
857 1400 939 1504 ipso
954 1408 989 1476 δι
1007 1400 1182 1487 excitante
1197 1405 1442 1503 suatopluco,
1469 1392 1530 1490 sed
1641 1415 1645 1423 “

98 1503 158 1581 vix
172 1496 217 1580 ad
233 1505 292 1580 sui
312 1529 357 1579 ex
373 1499 545 1578 Moiauia
563 1498 729 1582 reducem
747 1503 791 1578 ab
817 1501 967 1580 ethnico
986 1503 1231 1580 bohemorum
1251 1503 1391 1604 popolo
1412 1523 1529 1578 nova·
1584 1506 1592 1520 ⁸

98 1625 139 1679 te
155 1599 343 1702 religionis
358 1625 454 1776 erpo
472 1597 553 1678 sede
568 1600 625 1679 sua
641 1598 752 1679 ducali
770 1602 1017 1692 deturbatum,
1042 1603 1194 1704 regione
1225 1612 1406 1687 erastum,
1430 1599 1528 1702 apud

102 1703 354 1801 Stratoplucinn
372 1700 505 1802 aylam
527 1706 566 1776 δι
585 1700 779 1802 praefidium
800 1727 957 1802 querere
981 1709 1164 1792 cossium,
1189 1702 1229 1784 iii
1255 1701 1344 1780 illius
1372 1699 1529 1808 denique

89 1801 224 1878 ¹locum
247 1797 353 1876 aliurn
380 1824 400 1876 a
431 1798 558 1876 Ducali
582 1825 628 1878 co
683 1799 806 1882 atione
840 1810 877 1876 &
904 1799 1078 1904 sanguine
1117 1800 1296 1892 violenter
1331 1798 1529 1883 suffeeun.

75 1939 77 1945 v
101 1899 195 1976 Qoae
212 1897 331 1976 licum
351 1898 552 2001 Reginonis
569 1925 632 1988 ver
661 1897 689 1976 is
706 1899 964 1990 concilientur,
989 1900 1149 1980 elicietur
1172 1903 1245 1978 hec
1268 1899 1531 1993 verosimillima

100 1996 273 2078 historiae
310 2003 454 2102 Nempe
478 1998 710 2102 posteaquam
732 1999 908 2082 intellexit
932 1999 1449 2104 Suatoplucus'borzivogium
1484 1996 1531 2074 ad
1580 2037 1584 2042 ·
1672 2006 1676 2010 ’
1809 2097 1813 2108 Ι

99 2097 420 2202 secoofngientem
447 2105 499 2176 ob
516 2099 641 2178 odium
663 2100 749 2178 fidei
769 2100 977 2178 Christiane
999 2105 1140 2182 Ducam
1165 2102 1228 2180 suo
1251 2100 1350 2186 soille
1370 2122 1531 2192 exutum,

98 2225 205 2374 poam
221 2201 257 2278 se
275 2198 483 2302 cumprimis
501 2202 667 2278 hortante
679 2200 883 2304 susceperat
909 2201 1035 2301 (quod
1060 2207 1162 2286 rebus
1189 2202 1227 2286 in
1253 2198 1426 2297 ejusmodi
1447 2197 1526 2286 fieri

35 2371 39 2376 .
90 2329 92 2337 ι
116 2301 213 2394 olet)
236 2297 361 2374 omnia
384 2296 529 2375 consilia
550 2301 708 2400 prudens
733 2300 1009 2405 circumspexit,
1034 2327 1072 2380 ut
1092 2301 1312 2406 periclitanti
1339 2301 1389 2376 rei
1413 2299 1524 2384 Cliti·

101 2395 217 2472 lliane
232 2395 271 2472 in
291 2397 464 2474 Bobemia
480 2397 686 2492 adjutricem
703 2425 848 2478 marium
868 2400 1084 2504 porrigeret.
1135 2407 1184 2480 Ει
1204 2401 1406 2480 sollicitudo
1422 2425 1525 2484 coni-

99 2495 278 2574 muniente
294 2523 376 2576 cuin
394 2499 599 2599 Arriulpho,
626 2499 688 2600 qui
706 2500 751 2594 ei,
770 2524 807 2578 ut
826 2502 976 2606 Regino
992 2499 1162 2604 loquitur,
1193 2505 1403 2584 ainili'nri'inn's
1418 2511 1527 2600 gratie
1609 2553 1616 2570 ,

89 2603 202 2704 suerat
220 2627 382 2674 ιιιιιιιιιιι.
451 2601 541 2674 Nori
561 2598 760 2701 presentius
774 2602 887 2678 visum
909 2600 1109 2678 remedium
1133 2626 1153 2686 ιι
1204 2598 1405 2678 Christiana
1427 2598 1528 2678 initia

97 2697 140 2810 in
166 2697 337 2810 bohemia
359 2696 596 2790 stabilienda,
631 2699 788 2801 quamsi
814 2701 928 2803 prisca
945 2707 1164 2780 Francorum
1192 2705 1335 2800 Regum
1361 2697 1528 2800 praetensa

99 2821 180 2892 eure
207 2819 246 2874 in
266 2801 445 2874 Ducttum
463 2800 618 2876 Boemiae
645 2809 957 2900 recoquerentu'r,
989 2810 1025 2879 δι
1055 2829 1119 2904 par
1144 2799 1288 2878 erilium
1312 2795 1527 2901 Borzivogii

101 2891 254 3006 deducus
274 2899 491 2974 boemorum
509 2900 665 2976 Duentus
683 2903 920 3006 suatopluco,
946 2929 1055 3002 quem
1070 2902 1230 3002 alioquin
1254 2925 1348 2978 nexu
1368 2898 1529 3000 quodum

98 2992 312 3094 respiciebat
334 2997 501 3089 noemia,
523 2990 801 3080 concederetur.
881 3007 1107 3105 Argumenta
1125 3002 1318 3102 Amulpho
1335 3001 1380 3076 ad
1404 3001 1441 3076 id
1458 2999 1530 3080 elle

91 3115 286 3204 poterant,
308 3117 431 3194 preter
447 3101 664 3198 Francorum
684 3107 827 3203 Regum
848 3127 935 3178 mori
965 3102 1072 3178 dietas
1091 3103 1349 3203 ptaeiensiones,
1365 3100 1527 3178 defensio
1620 3161 1622 3164 .

97 3190 303 3295 Religionis
314 3193 518 3280 Christiane
535 3199 679 3314 eiusque
695 3200 939 3304 propaganda:
956 3199 1065 3292 ratio,
1091 3200 1186 3294 cujus
1204 3197 1318 3300 gratia
1337 3200 1436 3298 plura
1454 3195 1531 3298 pri-·

98 3289 237 3394 vilegia
261 3317 282 3370 a
307 3292 449 3372 summis
466 3297 698 3380 Pontificibus
715 3299 869 3378 Frnncie
889 3298 1048 3412 Regibus
1065 3299 1225 3376 concelll
1245 3295 1315 3372 elle
1333 3297 1528 3389 constabat,
1653 3307 1662 3328 ’·
1734 3391 1736 3400 ¹
1793 3323 1799 3330 ·

93 3392 192 3472 odeo
207 3416 244 3468 nt
263 3395 321 3470 vel
338 3392 414 3507 ipse
431 3397 582 3476 Carolus
599 3404 656 3477 M.
673 3399 770 3476 haotl
788 3401 889 3478 aliani
902 3423 1078 3478 rationem
1095 3397 1272 3492 inferendi
1290 3394 1526 3474 Witicbindo

88 3491 258 3570 Saxonie
273 3495 367 3572 Duct
384 3495 467 3576 belli
482 3553 496 3591 ,
520 3501 813 3600 Hunnornmqne
833 3499 930 3596 subju
980 3500 1149 3584 ndortno,
1170 3524 1275 3604 quam
1295 3497 1526 3614 Religionem
1612 3551 1617 3564 ·
1682 3549 1684 3554 ·
1726 3583 1731 3590 ,

91 3593 256 3672 hebetet.
331 3597 419 3672 Haec
439 3625 522 3675 cum
540 3597 785 3676 Zuentibaltlo
799 3601 845 3678 de
864 3629 905 3679 re
949 3599 1128 3679 'brilliant
1145 3601 1422 3681 Bneini‘e‘anxio
1447 3625 1526 3676 non

92 3695 240 3792 βιαιο
258 3719 334 3808 non
353 3695 522 3808 pollent,
550 3696 722 3797 simulque
739 3697 877 3777 rideret
900 3701 1139 3805 suspicionem
1159 3705 1192 3780 ie
1215 3702 1251 3778 se
1266 3700 1361 3802 apud
1387 3723 1525 3782 ceteros

94 3791 219 3868 Sluvoe
236 3793 459 3874 Christianos
476 3797 732 3909 effugiturum,
759 3798 821 3898 qui
847 3802 1027 3878 Ducatutn
1047 3805 1143 3880 bunc
1158 3802 1323 3890 involet,
1348 3795 1525 3886 connixis,

93 3911 138 3968 iit
162 3888 227 3970 fibi
249 3893 404 3972 Ducitus
420 3899 575 3975 boemie
601 3897 885 3990 concederetur,
910 3926 952 3976 ea
969 3903 1095 3997 procul
1113 3901 1225 3978 dubio
1244 3898 1374 3988 aanor
1393 3896 1524 3974 condi,
1664 3893 1667 3898 ’

91 3986 232 4083 tione,
260 4015 300 4069 ιιι
321 3994 461 4074 consilii
479 3996 572 4074 istius
590 3997 729 4093 adiutor
743 3997 1053 4101 elsethrnulplins
1077 3998 1115 4074 in
1137 3996 1346 4099 redigendis
1366 3996 1403 4074 in
1424 3997 1522 4074 ordi.

89 4117 181 4172 netu
197 4093 342 4207 boemis
360 4097 583 4200 gentilibus,
605 4126 689 4178 num
715 4123 813 4176 antio
833 4097 1002 4196 sequente
1026 4098 1096 4193 eius
1120 4099 1296 4202 populum
1315 4097 1530 4202 expeditio-1

92 4215 185 4272 iieiri
207 4217 246 4274 io
261 4194 475 4280 Bubeiuiem
493 4199 675 4302 suscepisse
701 4198 827 4378 postli
843 4197 1005 4400 tpllatuta
1029 4200 1102 4286 fin.
1176 4199 1285 4280 Haud
1312 4199 1520 4384 tamepnaello
