4192 5048
525 303 602 452 3p6
1075 301 1078 306 Δ
1115 341 1286 422 Annus
1320 361 1407 441 poq.
1516 319 1538 346 ““

672 510 770 612 Non
803 505 909 598 llitit
941 507 1010 596 hic
1041 525 1183 598 autem
1214 507 1353 620 regius
1375 503 1514 598 furor:
1553 511 1780 606 mittuntur
1804 519 1949 613 conto
2085 547 2087 552 ’

410 602 417 648 Γ
521 637 635 767 slim,
663 653 735 770 qui
769 639 997 742 Methodio
1029 647 1159 758 Regis
1191 641 1415 763 conspedlu
1442 649 1710 746 interdicant.
1823 659 1952 752 Cessat

399 803 407 811 ”
518 793 749 912 Episcopus
779 791 875 880 huic
907 785 1099 899 vesaniae,
1123 787 1300 903 valeque
1317 787 1430 876 didio
1455 785 1654 884 Moravis
1675 797 1724 885 ad
1747 795 1953 892 Bornvoa

345 959 353 972 ’
512 937 604 1051 jum
625 931 835 1024 festmavit
863 931 907 1017 in
931 925 1190 1018 Bohemiam.
1299 925 1681 1024 Summe-salutaris
1707 957 1795 1029 erat
1814 933 1949 1032 Bone¹

516 1077 599 1166 mis
633 1075 701 1164 hic
729 1073 961 1182 adventus,
1003 1093 1099 1156 nam
1122 1066 1228 1179 jasta
1250 1065 1372 1156 verbi
1397 1067 1530 1160 divini
1555 1069 1746 1166 semente
1770 1079 1949 1172 uberent

518 1215 752 1308 Christianae
789 1209 852 1299 rei
879 1209 1036 1324 ubique
1075 1203 1248 1296 messena
1283 1203 1403 1323 fecit,
1448 1203 1647 1324 plurimos
1682 1215 1949 1310 Czechorum

327 1424 331 1435 .
454 1357 633 1474 aquis
654 1347 846 1469 baptismi
865 1345 1085 1437 abluendo.
1187 1342 1381 1437 Tandem
1404 1340 1517 1438 Daci
1537 1347 1751 1444 Boltemiae
1773 1359 1947 1472 populo·

518 1483 601 1613 que
620 1495 730 1583 bene
752 1507 944 1607 precatus
964 1485 1075 1576 inter
1097 1481 1262 1602 suspiria
1286 1489 1330 1578 dt
1350 1506 1479 1614 vota,
1499 1509 1547 1582 ut
1567 1492 1670 1582 boni
1691 1492 1826 1612 superi
1846 1493 1947 1588 Sua·

516 1632 682 1746 tobogii
704 1655 878 1744 regnum
902 1628 945 1716 in
970 1623 1193 1715 Bohentosv
1207 1623 1508 1743 transferrent,
1553 1629 1733 1723 Romam
1755 1638 1943 1754 repetiit,¹

416 1795 441 1846 -·
479 1860 480 1868 t
517 1761 920 1892 questurus'sunrmo
936 1761 1160 1878 Pontifici,
1193 1793 1285 1883 quae
1320 1767 1393 1856 fibi
1414 1769 1459 1858 in
1478 1765 1675 1864 Motavia
1694 1775 1943 1868 evenissent.

516 1907 667 2005 Visum
689 1938 795 2001 vero
820 1915 900 1996 hoc
921 1899 1168 2017 Suatobogii
1189 1903 1350 1996 facinus
1369 1929 1455 1995 tam
1476 1929 1596 2000 atrox
1618 1910 1817 2001 Romanae
1837 1914 1942 2030 sedi,

516 2071 565 2142 ut
584 2049 801 2165 extemplo
821 2043 1039 2162 profanum
1058 2043 1224 2158 Regem
1244 2041 1420 2134 Romam
1454 2045 1504 2136 ad
1532 2047 1749 2138 dicendam
1778 2050 1942 2142 causam

517 2209 740 2302 evocaret,
776 2175 1205 2301 conterunentemque
1232 2181 1373 2275 'adesse
1404 2183 1615 2282 Romanus
1647 2183 1852 2282 Pontifex
1883 2189 1943 2281 sa·

517 2359 589 2420 cro
623 2329 798 2420 fulmine
831 2321 1063 2442 perculsum
1094 2353 1192 2415 cum
1226 2328 1344 2416 omni
1364 2345 1493 2441 gente
1525 2327 1749 2420 interdiclo
1769 2327 1945 2445 subjice-

479 2447 485 2470 *
514 2491 596 2562 ret.
623 2464 695 2567 (s)
799 2466 1013 2558 Continuo
1041 2466 1178 2556 omnis
1201 2465 1450 2558 clericorum
1472 2467 1814 2585 sacerdotumque
1835 2473 1946 2586 ordo
1958 2513 1961 2520 ⁴
2054 2471 2061 2480 ’

514 2609 670 2700 relictis
691 2607 856 2699 sacratis
878 2609 1035 2698 aedibus
1058 2610 1102 2696 in
1125 2603 1373 2696 Boheoriam
1390 2605 1581 2719 fugiunt,
1611 2609 1857 2726 gemuitque
1876 2611 1941 2701 in·

369 2855 372 2862 ,
514 2751 620 2838 felix
655 2746 851 2838 Manavia
881 2745 1004 2835 sacris
1035 2767 1160 2864 atque
1192 2745 1434 2836 doRorlbus
1467 2748 1623 2836 orbata.
1733 2743 1801 2839 Eo
1819 2745 1941 2840 sacro

511 2887 699 2976 fulminis
736 2885 902 2999 fragore
924 2885 1121 2976 excitatae
1155 2885 1307 2978 vicinae
1336 2903 1486 2998 gentes
1509 2883 1727 3002 Hungati,
1770 2867 1936 3002 ΡοΙοιιί,Ι

508 3023 551 3115 T
554 3045 758 3140 catones,
777 3007 1034 3145 Boeotique,
1070 3051 1167 3114 cunr
1188 3023 1403 3118 exclusum
1424 3022 1554 3116 semel
1576 3027 1701 3118 ecelis
1725 3030 1935 3145 terrisque

507 3163 669 3280 Regem
701 3166 959 3280 judicarent,
997 3167 1135 3257 veluti
1169 3165 1220 3254 ad
1250 3165 1426 3280 ejeslam
1455 3169 1702 3283 tempestate
1728 3167 1932 3272 marisia
2076 3197 2084 3212 ·

506 3295 627 3396 litora
647 3307 845 3397 balanam
862 3309 1031 3424 impune
1054 3306 1281 3395 laniandam
1301 3305 1695 3424 discerpendamque
1714 3331 1933 3422 properan-

505 3465 573 3536 tes
612 3475 738 3536 omne
769 3445 1046 3538 Moravorum
1078 3447 1304 3563 imperium
1336 3445 1509 3537 infinitis
1548 3433 1781 3561 agminibus
1812 3444 1932 3534 inunss
2068 3499 2076 3512 ·

505 3587 626 3702 dant,
647 3589 746 3700 igne
768 3583 968 3703 ferroque
990 3585 1183 3701 perdunt.
1213 3573 1276 3679 (a)
1342 3584 1565 3678 Intellexit
1580 3587 1757 3678 tandem
1779 3581 1927 3672 Suato-

501 3729 669 3842 bogius,
691 3747 782 3844 quae
810 3723 854 3820 se
884 3725 1167 3844 populumque
1191 3725 1373 3817 numinis
1394 3729 1453 3818 ira
1474 3745 1710 3844 premeret,
1747 3723 1932 3815 vocatisss

503 3869 688 3982 quella,
721 3895 826 3985 quos
855 3869 952 3956 alias
983 3896 1006 3956 a
1029 3867 1207 3958 consiliis
1240 3869 1393 3959 habere
1417 3867 1588 3984 solitus,
1625 3867 1835 3958 medelam
1864 3865 1929 3955 rei

503 4005 763 4122 expoposcit.
869 4003 1035 4134 Verum
1066 4035 1277 4123 agnovere
1310 4009 1372 4098 illi
1395 4007 1587 4102 dolenter
1606 4009 1829 4102 confilium
1856 4007 1925 4092 ad·

504 4145 646 4238 versus
679 4148 894 4240 dominum
923 4151 1030 4246 haud
1061 4147 1201 4241 ¹ullum
1230 4145 1447 4268 superesse.
1557 4143 1667 4250 Quae
1700 4175 1801 4244 cunr¹
1827 4141 1927 4237 Rex
2070 4151 2076 4164 '

645 4327 647 4332 ·
1593 4368 1600 4386 ,
1674 4385 1685 4408 ‚
1752 4305 1856 4378 moe·
