3896 5046
538 343 613 404 roo
1135 321 1301 404 luunt
1326 323 1413 416 tos.

529 485 690 609 vpolitos
724 487 908 579 evomit:
956 553 984 602 „
1004 478 1189 602 Doleo,
1210 487 1445 602 exclamat,
1484 503 1513 575 o
1546 483 1742 578 imbelles
1773 487 1927 592 animula

533 625 742 747 „sortem
775 629 972 720 vestram!
1027 623 1224 741 fugamne
1254 655 1334 720 vos
1368 623 1726 743 circumspectum
1769 629 1927 744 ptiust

532 837 562 889 „
585 771 725 862 arma?
761 767 917 858 collem
937 791 1043 859 vero
1065 770 1274 884 vestrum,
1312 793 1441 886 quem
1470 769 1847 884 metu-occupastis
1868 769 1927 862 tu

529 910 621 1028 „ti
650 908 777 999 vobis
811 904 1000 997 futurum
1036 907 1237 1000 creditis?
1266 973 1295 1022 „
1352 904 1582 999 conversus
1613 933 1721 999 vero
1757 910 1828 1000 ao
1851 907 1924 1004 suot

385 1085 390 1093 ·
532 1121 562 1170 „
586 1043 725 1140 Hem!
750 1047 890 1162 miles,
925 1045 1085 1166 inquit,
1120 1043 1409 1163 sortesviros,
1446 1047 1519 1168 qui
1536 1047 1580 1136 in
1601 1047 1721 1164 plana
1736 1045 1927 1144 descende

522 1229 561 1309 ·„
581 1217 651 1304 re,
686 1215 941 1308 manumque
958 1185 1181 1279 conserere
1201 1187 1426 1305 trepidant
1470 1273 1474 1278 .
1509 1181 1704 1279 Vitiesne
1720 1187 1813 1301 jam
1833 1191 1927 1283 arlia

425 1389 427 1392 -
530 1401 560 1446 ,‚
584 1357 679 1443 gam
699 1329 941 1418 accinttosi
978 1329 1130 1444 quibus
1160 1309 1258 1418 satu
1285 1329 1359 1418 vel
1381 1315 1553 1446 propius
1574 1343 1677 1418 trux
1692 1323 1924 1445 supercilia

532 1537 562 1586 „
583 1467 838 1586 ostenderis,
876 1467 1073 1557 exterriti
1103 1483 1224 1581 terga
1253 1467 1336 1559 tibi
1363 1469 1607 1560 obverterat.
1665 1511 1669 1524 ·
1718 1461 1923 1590 AEdepoll

411 1727 415 1736 ι
488 1715 492 1724 ‚
530 1675 561 1726 „
585 1607 683 1696 loco
704 1606 915 1723 paululum
953 1601 1218 1721 successeris,
1263 1608 1476 1700 habiturus
1502 1605 1745 1720 neminem,
1792 1613 1923 1728 quien

529 1817 559 1864 „
581 1745 796 1862 confligas.
906 1741 985 1836 An
1016 1733 1184 1862 lingulis
1200 1767 1203 1774 ·
1217 1743 1403 1861 sortrisrs¹
1423 1747 1567 1862 injecti
1604 1747 1864 1864 compedes,
1899 1768 1924 1838 rt

528 1959 560 2010 „
581 1889 711 1982 etiam
744 1887 952 1978 conviciis
990 1887 1136 1976 nostris
1168 1887 1388 2002 provocati
1421 1885 1465 1978 se
1488 1885 1531 1976 se
1552 1887 1650 1976 loco
1669 1909 1854 1981 movere
1871 1910 1923 1980 un

529 2099 560 2145 „
584 2025 768 2144 pollint?
801 2027 907 2116 istud
939 2045 1057 2116 certe
1086 2027 1209 2117 miles
1240 2027 1320 2117 est:
1357 2029 1450 2116 vina
1483 2045 1600 2117 tuam
1633 2025 1922 2142 operiuntur&

409 2280 419 2288 ·
530 2163 906 2290 „impressionem
978 2164 1095 2256 Nihil
1113 2179 1217 2284 ergo
1234 2165 1319 2281 jam
1340 2195 1446 2283 opus
1465 2191 1682 2279 mucrone,
1703 2193 1838 2286 quem
1857 2187 1917 2258 me

529 2377 559 2424 ,‚
584 2337 650 2398 ras
662 2378 676 2423 ,
711 2305 904 2420 indignus
932 2307 1100 2397 illorum
1122 2335 1268 2422 cruor,
1306 2325 1354 2398 ut
1378 2304 1497 2398 enses
1514 2323 1612 2398 tuos
1635 2307 1813 2426 telaque
1830 2301 1919 2426 inqu

530 2512 560 2565 „
582 2465 683 2563 net,
718 2468 912 2566 tanquam
945 2447 1085 2566 ilipula
1118 2447 1318 2564 pedibus,
1356 2471 1645 2566 equorumque
1676 2449 1849 2561 ungulis
1864 2471 1920 2564 pm

311 2561 367 2714 'aar
398 2603 508 2710 sara
528 2660 558 2707 ‚,
578 2589 746 2682 terendi
767 2585 873 2680 sunt.
955 2581 1081 2678 Evax
1102 2585 1254 2678 emitte
1272 2585 1357 2700 jana
1378 2613 1576 2701 omnem,
1616 2613 1748 2704 quern
1766 2589 1922 2680 mani*

332 2719 346 2758 ⁶
421 2705 511 2759 ''M‘'
529 2799 560 2846 „
582 2749 731 2844 tenes,
778 2729 987 2845 rapacium
1019 2729 1161 2846 avium
1190 2727 1452 2842 exercitum,
1500 2753 1638 2846 quem.
1654 2723 1716 2818 sat
1752 2725 1923 2848 superqlt

532 2938 562 2984 „
584 2869 783 2960 idoneum
807 2885 907 2986 puta
925 2868 976 2956 ad
998 2867 1255 2985 trepidantes
1276 2873 1347 2984 hae
1371 2867 1585 2960 columbas
1612 2863 1925 2984 profligandas».

529 3005 574 3101 Is
594 3035 700 3100 vero
722 3003 805 3098 suit
825 3004 953 3098 foedae
972 3008 1084 3099 istius
1102 3007 1211 3098 alitis
1230 3033 1454 3122 numerus,
1488 3028 1537 3100 ut
1557 3007 1677 3100 instar
1694 3003 1925 3101 sorditiem

529 3151 595 3244 bis
617 3145 802 3240 obducto
825 3149 939 3240 coelo
959 3149 1071 3240 diem
1094 3147 1227 3238 oculis
1249 3147 1666 3264 eripere'videretur.
1743 3165 1750 3176 '
1778 3145 1924 3240 Sed'm

528 3291 753 3408 perterrito
773 3291 895 3390 uultu
916 3290 1120 3414 &animo
1140 3295 1229 3378 haec
1247 3287 1423 3403 excepit
1439 3281 1608 3403 Styrus,
1629 3283 1728 3380 suos
1745 3307 1924 3408 perpet!

531 3415 625 3515 trun
647 3429 891 3536 gloriemur
910 3425 1049 3519 salutis
1071 3429 1242 3516 stimulis
1264 3425 1507 3518 anfortiter
1520 3428 1735 3544 agendum
1758 3431 1923 3521 anime

395 3679 399 3688 .
534 3591 582 3653 ac
604 3565 776 3658 demum
793 3567 1027 3655 orationem
1045 3568 1110 3657 his
1135 3567 1278 3657 verbis
1299 3564 1497 3660 absolvit:
1550 3639 1578 3684 „
1600 3565 1923 3662 Dexteritasta

531 3777 561 3823 „
581 3703 809 3823 titudoque
826 3707 960 3796 vestra
975 3704 1058 3820 jam
1082 3725 1151 3796 tot
1180 3705 1350 3822 palata,
1385 3725 1490 3828 quot
1511 3709 1686 3800 hostiurn
1717 3713 1865 3829 capita
1895 3705 1922 3800 d

533 3917 562 3964 ,‚
585 3843 761 3939 mell'ura
777 3842 849 3940 est.
942 3841 1006 3937 Ut
1025 3873 1097 3938 me
1118 3846 1335 3939 ductorem
1356 3850 1417 3939 lta
1437 3847 1798 3973 magnanimitatis
1822 3867 1922 3942 exet

532 4055 562 4106 „
584 3991 700 4107 plum
718 3989 895 4080 habetet
933 4006 1088 4079 aeterna
1112 3983 1280 4078 iufamia
1299 4007 1473 4079 notetur
1484 3989 1527 4078 in
1537 3987 1648 4079 saliis
1667 3992 1831 4082 vestris
1851 3989 1921 4104 Sty

535 4195 564 4246 ‚,
586 4155 766 4242 nomen,
805 4127 879 4218 nili
908 4126 993 4240 jam
1026 4129 1220 4238 videritis
1247 4127 1359 4222 illius
1386 4129 1563 4222 dextera
1582 4133 1775 4243 integros
1802 4129 1921 4222 Luae

586 4288 592 4300 ⁵
1263 4285 1269 4294 ⁴
1742 4337 1774 4388 aa
1798 4273 1908 4376 sm
